3354 5124
700 327 735 340 ..
756 297 778 360 5
800 330 838 342 ..

220 441 331 516 tristis
354 443 393 516 in
418 429 632 544 excipiendo
654 445 876 531 inveniatur,
902 471 948 520 nc
1045 421 1054 442 ⁹

220 585 305 633 cum
331 560 510 661 improbis
540 561 681 640 civibus
703 561 838 639 conde-

218 691 388 768 mnetur3
413 679 511 754 cives
531 677 739 766 veredice,
764 679 830 780 qui
844 703 919 754 non

218 792 417 867 voluerunt
438 797 605 896 recipere
630 793 821 872 dominum
848 821 956 868 suum
980 821 1105 893 regem
1271 797 1319 873 llll

217 910 257 984 in
279 935 333 987 se.
360 911 499 986 Omnes
522 937 607 988 cum
629 911 764 987 laetitia
785 909 897 986 simui

219 1051 426 1116 curremus,
451 1054 583 1102 omnes
608 1027 777 1104 alacriter
803 1027 1025 1128 excipiamus

164 1193 171 1208 ·
219 1157 258 1216 et
284 1167 396 1245 super
421 1145 603 1221 mundum
628 1145 875 1231 celebremus,
898 1145 936 1216 in
961 1144 1120 1237 vestium

217 1258 300 1333 loco
324 1260 436 1334 corde
458 1277 587 1336 nostru
614 1261 865 1360 expandamus
888 1275 972 1334 ante
1063 1285 1066 1292 ¹

218 1373 332 1466 illum,
357 1377 507 1476 hymnis
533 1393 572 1452 et
595 1377 765 1452 leudibus
790 1377 901 1474 grati-

218 1515 259 1565 ae
288 1519 440 1592 agemus
470 1496 539 1586 illi,
564 1512 619 1585 et,
644 1493 797 1570 benedi·

217 1625 299 1684 ctus
322 1613 472 1686 veniens
489 1614 528 1686 in
548 1613 696 1686 nomine
723 1611 879 1701 domini,
903 1637 979 1686 uon
996 1610 1095 1684 desi-

217 1742 352 1802 nentes
374 1729 590 1802 clamemus.
621 1727 885 1802 Benedicentes

217 1845 315 1918 enirn
333 1843 438 1918 illum
455 1845 641 1920 benedicti
657 1860 761 1932 sunt,
786 1859 824 1918 et
843 1843 1103 1950 maledicentes

215 1959 320 2034 illum
340 1961 532 2036 maledicti.
557 1965 719 2036 Rursum
743 1961 860 2034 dicem
880 1976 917 2034 et
932 1961 1087 2036 incitans
1103 1985 1165 2032 me
1181 1961 1226 2034 ad
1272 1963 1321 2034 50

216 2075 356 2152 bonum
382 2105 458 2152 non
482 2079 741 2154 conticescam:
765 2078 907 2164 venite,
932 2076 1072 2163 dilecti,
1096 2091 1138 2152 ut

216 2193 477 2268 benedicemus
503 2196 758 2283 benedictum,
782 2209 826 2268 ut

216 2307 540 2386 benedicti-simus
560 2312 604 2384 ah
623 2312 696 2386 illo.
722 2313 773 2386 0-

215 2451 341 2498 mnem
359 2441 515 2502 aetatem
532 2442 570 2500 et
585 2426 798 2524 dignitatem
814 2425 924 2500 simod
958 2424 1173 2501 convocavit
1190 2424 1235 2498 od
1252 2423 1319 2496 do-

215 2541 306 2614 mini
334 2541 499 2632 laudem,
531 2567 638 2639 reges
664 2557 783 2618 terroe
806 2557 844 2615 et
866 2565 996 2617 omnes
1269 2542 1317 2614 55

210 2653 358 2755 judices
384 2673 525 2747 terrae,
545 2657 702 2756 juvenes
725 2674 763 2731 et
787 2647 955 2756 uirgines.

213 2775 262 2846 Et
281 2773 655 2875 novum-pulchrum
674 2773 849 2864 miraculi,
866 2772 967 2872 quod
987 2789 1135 2850 tenerae
1155 2791 1192 2854 et
1208 2802 1269 2848 ex-

213 2890 312 2988 perti
334 2892 518 2992 nequitiae
543 2891 739 2966 infantium
760 2906 973 2964 tenerorum
991 2890 1208 2970 lactentium

213 3007 324 3080 aetati
346 3032 452 3081 orare
478 3009 657 3082 concessit
679 2997 989 3107 inciperedomi-¹
1152 3099 1156 3106 ί

213 3147 262 3195 no
283 3122 322 3196 in
350 3122 584 3204 confessione
605 3126 728 3198 aDeo'
754 3123 822 3199 do·
1270 3125 1317 3198 60

214 3253 315 3312 ctum
344 3239 543 3328 eunocum,
568 3243 623 3316 uti
647 3239 734 3314 olim
762 3239 908 3338 Moyses
936 3263 979 3312 ex
998 3236 1069 3310 Ae·

213 3357 511 3456 gyptopopulo,
535 3356 752 3433 benedictus
776 3354 927 3434 veniens

212 3473 250 3544 in
272 3474 421 3546 nomine
450 3472 597 3548 domini.
622 3473 737 3546 Hodie
762 3471 892 3569 gaudio
918 3469 993 3544 lee-

213 3601 313 3660 tatur
333 3587 464 3664 beatus
486 3589 601 3664 David
631 3613 740 3664 orna·
1209 3659 1213 3667 .

212 3704 259 3776 tis
278 3703 414 3778 fidibus
436 3707 482 3779 ab
506 3705 725 3796 urientibus,
750 3731 834 3778 cum
859 3704 942 3803 qui·
1267 3702 1314 3777 65

210 3819 283 3893 bue
308 3822 419 3894 etiem
447 3823 693 3921 choreus-agit
718 3822 850 3922 spiritu
878 3835 916 3892 et
933 3818 1114 3916 gaudens,
1130 3820 1185 3892 uti
1204 3834 1241 3896 ct
1303 3894 1306 3904 ,

210 3949 318 4010 antea
344 3964 469 4034 coram
492 3963 579 4014 erce
601 3939 720 4012 divine

210 4053 308 4126 canit
333 4069 370 4126 et
398 4053 612 4129 moduletur
630 4053 788 4154 placide,
813 4051 967 4126 benedi-

211 4184 295 4242 ctus
318 4171 470 4244 veniens
492 4170 531 4242 io
557 4171 706 4244 nomine
736 4169 894 4260 domiui,
920 4169 967 4242 ad

210 4309 322 4386 quem
350 4286 532 4359 dicemus:
556 4287 622 4360 Dic
650 4285 773 4373 nobie,
798 4285 1008 4384 prophete,
1023 4286 1104 4382 quie
1131 4283 1188 4356 hic
1265 4283 1311 4355 70

206 4401 358 4474 veniens
375 4401 414 4474 in
438 4401 588 4478 nomine
606 4400 766 4474 dominii
790 4403 872 4474 Non
889 4385 1142 4500 measinquit,

208 4516 375 4592 doctrina
396 4516 525 4608 hodie3
544 4516 744 4616 juvenibus
768 4519 866 4592 enim
887 4534 943 4593 est
