3354 5124
727 297 873 358 ...9-

249 437 562 536 Dei-cognitione
584 437 774 540 infantiam
802 457 841 516 et
866 434 937 540 τὴν
959 453 1044 540 post
1072 439 1155 522 hoc.

250 556 447 656 inpietate
472 553 752 654 perfectionem.
774 559 890 632 Hodie
922 583 987 632 rex
1288 558 1358 635 lttt

249 673 386 772 gloriae
411 674 450 746 in
473 688 573 746 terra
592 665 811 776 prophetice
836 675 1061 763 celebratur,

251 800 290 862 et
312 789 513 889 participes
540 789 711 864 coelentis
731 790 868 889 gloriae

251 921 447 980 terrestres
468 905 573 996 fecit,
597 923 640 980 ut
662 907 891 998 ostenderet,
915 906 1015 982 hunc

248 1049 328 1097 esse
354 1021 544 1096 dominum
569 1023 784 1123 utriusque,
802 1039 933 1122 utpote
958 1023 1022 1128 qui
1049 1022 1095 1098 ab
1122 1037 1301 1124 utroque,

247 1167 320 1214 una
344 1166 435 1217 voce
463 1165 548 1212 cum
569 1154 677 1238 patre
705 1155 743 1212 et
771 1141 880 1238 spiri·
1284 1139 1354 1216 115

248 1272 290 1330 tu
312 1256 531 1330 celebretur.
556 1257 642 1330 ldeo
666 1257 792 1356 superi
812 1272 891 1329 ter·-

246 1399 309 1446 rae
334 1374 488 1462 salutem
514 1370 761 1470 significantes
785 1372 1012 1472 psallebant:

246 1491 411 1575 Sanctus,
430 1503 588 1580 sanctus,
605 1504 759 1562 sanctus
773 1488 946 1576 Sabaoth,
960 1487 1112 1588 plenum
1128 1488 1271 1570 coelum
1292 1503 1330 1562 et

248 1607 364 1680 omnis
388 1622 491 1684 terra
509 1605 644 1704 gloriae
670 1602 768 1702 ejus,
794 1623 837 1680 et
852 1607 1046 1682 inferiores
1069 1629 1154 1680 cum
1183 1631 1267 1678 cue·

244 1724 329 1798 lesti
352 1723 459 1796 laeti·
564 1805 567 1812 ,
1282 1721 1352 1794 120

245 1841 295 1915 tia
319 1839 429 1914 simul
451 1838 762 1938 festum-agentes
788 1839 924 1928 ¹clamn-

243 1957 349 2030 bant:
373 1957 543 2034 Hosanna
577 1954 617 2026 in
641 1954 815 2044 excelsis,
839 1953 1003 2029 hosanna

242 2075 315 2147 filio
331 2072 458 2146 David.
480 2073 529 2144 Et
554 2071 614 2146 alii
638 2069 912 2169 glorificabant,
936 2070 1051 2146 bene·

243 2191 339 2262 dicta
358 2188 472 2286 gloria
500 2187 638 2262 domini
665 2187 813 2260 deloco

10 2353 12 2410 5
119 2321 122 2328 ’
242 2305 342 2403 ejus:
369 2320 405 2378 at
432 2304 491 2378 alii
522 2302 727 2402 theologice
751 2302 937 2378 dicebant:

240 2422 459 2496 Benedictus
486 2420 637 2494 veniens
661 2421 699 2492 in
722 2420 872 2493 nomine
898 2419 1046 2520 domini.

239 2541 337 2614 llaec
357 2565 446 2613 vero
470 2539 522 2640 ita
550 2538 639 2610 dum
664 2536 799 2612 fierent
827 2552 865 2610 et
889 2536 1077 2636 discipulis

241 2656 393 2730 choreas
419 2655 614 2753 agentibus
643 2654 739 2728 circa
769 2680 897 2728 omnes
926 2654 1097 2740 virtutes,
1122 2676 1214 2751 quas

238 2772 427 2858 viderunt,
452 2787 491 2844 et
517 2771 745 2846 dicentibus:
769 2765 927 2844 Benedi-

239 2904 320 2960 ctus
344 2887 495 2960 veniens
520 2887 557 2960 in
585 2888 735 2962 nomine
762 2887 918 2974 domini,
949 2885 988 2958 in
1015 2911 1100 2958 coe·
1275 2882 1345 2958 130

237 3005 273 3076 lo
300 3031 390 3104 pax,
417 3019 454 3075 et
480 3004 520 3079 in
546 3019 645 3078 terra
674 3003 812 3102 gloria,
837 3003 927 3078 urbs
951 3029 1162 3076 commove-

237 3121 346 3194 batur
371 3120 513 3192 dicens:
538 3121 620 3220 quis
647 3121 706 3194 hic
731 3119 813 3194 est?
838 3145 987 3194 coccam

237 3237 410 3310 invidiam
435 3251 562 3310 contra
585 3237 722 3312 domini
752 3237 905 3334 gloriam
932 3234 1129 3312 concitans.

235 3353 376 3430 Urbem
394 3377 487 3450 vero·
502 3354 651 3428 audiens
678 3370 840 3428 veterem
866 3375 1073 3450 synagogen
1100 3348 1157 3422 in-

237 3470 442 3544 ordinatam
465 3469 614 3542 turbam
640 3470 814 3568 intellige.
839 3471 957 3544 Inter-
1274 3462 1343 3538 135

236 3603 370 3686 rogant
393 3588 603 3676 dementes,
630 3589 713 3688 quis
732 3586 822 3660 mihi
846 3585 923 3658 estl
948 3581 1044 3658 acsi
1070 3606 1165 3654 nun·
1215 3623 1223 3638 ·

237 3730 346 3806 quam
373 3703 554 3778 vidissent
574 3701 851 3796 benefactorem
876 3715 915 3774 et
943 3697 1040 3772 cele-

204 3863 208 3877 ·
234 3819 340 3894 brem
362 3821 491 3898 divinis
516 3819 712 3896 miraculis.
736 3821 819 3894 Non
842 3816 941 3892 enim
967 3839 1069 3890 com-

235 3937 515 4034 prehenderunt
540 3937 730 4027 tenebrae,
755 3961 855 4036 quae
879 3933 917 4009 in
943 3932 1004 4004 illo
1022 3929 1141 4004 illuxit

233 4079 309 4126 non
334 4053 504 4127 deficiens
528 4055 601 4128 lux.
626 4054 712 4126 ldeo
735 4067 862 4152 aperte
885 4050 964 4148 pri·
1269 4041 1339 4116 tttt

233 4195 276 4240 us
305 4169 483 4244 clamabat
505 4161 614 4268 lsaias
640 4169 711 4242 illis
740 4168 881 4240 dicens:
907 4167 998 4240 Sur·

233 4285 269 4356 di
297 4285 442 4374 audite,
467 4287 631 4360 etcoeci
668 4286 787 4360 visum
815 4284 988 4384 recipite,
1005 4296 1048 4354 ut
1076 4281 1129 4352 vi·
1175 4372 1179 4380 Ι

234 4399 359 4476 deatis.
384 4405 432 4478 Et
454 4405 536 4502 quis
560 4429 712 4492 coecus,
737 4401 806 4474 nisi
827 4400 892 4476 filii
908 4400 1002 4474 meil
1028 4412 1066 4472 et
1092 4420 1174 4468 sur·
1239 4441 1243 4449 -

233 4517 285 4606 di,
311 4519 379 4590 nisi
397 4518 626 4592 dominantes
643 4519 682 4592 in
697 4515 801 4592 illos?
828 4532 866 4590 et
881 4513 1064 4605 occaecati
1086 4529 1171 4586 sunt
1191 4535 1265 4584 ser·
