3354 5124
672 369 675 376 ¹
771 353 831 411 Vll

275 509 357 566 meo
378 496 600 584 monasterio
620 498 772 572 Sanctae
796 501 978 597 Deiparae
1006 501 1043 572 in
1074 501 1192 576 insula
1213 503 1335 578 Melita

275 612 445 707 (mabri)
463 611 565 683 nullo
581 613 693 700 modo
713 640 824 688 ausus
842 643 924 688 sum
941 615 1105 703 laedere,
1128 619 1194 691 sed
1210 620 1334 718 potius

271 726 713 828 confirmavistephanus
723 733 819 805 Urod
830 733 898 804 Dei
908 733 1020 829 gratia
1030 758 1093 804 rex
1103 750 1140 806 et
1150 731 1333 834 αὐτοκρά-

269 865 344 939 τωρ
357 844 669 943 (erumpnarum)
687 849 801 920 totius
819 848 968 922 Serbiae
989 865 1026 921 et
1042 851 1201 948 regionis
1223 853 1336 924 mari-

135 1031 139 1040 ,
269 961 389 1032 timae.
414 961 456 1032 ln
483 959 617 1033 eodem
641 962 735 1038 libro
763 991 846 1062 pag.
874 967 930 1038 63.
956 964 1071 1038 babes
1099 967 1331 1064 privilegium

269 1101 485 1148 concessum
506 1077 624 1150 eidem
650 1082 872 1152 monasterio
897 1069 1080 1154 Melitensi
1102 1108 1121 1154 a
1147 1083 1333 1182 Stephano

268 1217 374 1288 rege:
399 1194 476 1290 Ego
504 1211 679 1293 peccator
705 1195 935 1295 Stephanus,
967 1199 1121 1294 Magnus
1149 1199 1245 1286 Rex,
1276 1200 1331 1272 ri-

269 1309 387 1380 carius
408 1309 711 1406 (sombernone)
729 1289 900 1385 domitius
917 1315 1030 1386 totius
1053 1313 1217 1400 Serbiae,
1240 1315 1330 1388 Dio.-

269 1423 395 1514 cleao,
433 1424 655 1517 Dalmatiae,
694 1427 899 1501 Tra'vuniae
929 1445 967 1499 et
999 1429 1163 1504 Chlmiae
1180 1432 1329 1506 -huic

272 1542 494 1613 monasterio
533 1542 749 1638 purissimae
777 1545 936 1642 Reginae
977 1559 1125 1620 nostrae
1153 1548 1330 1623 Dominae

266 1653 445 1757 Ileiparae
462 1659 499 1729 in
517 1658 634 1730 insula
651 1659 775 1733 Melita
792 1661 862 1732 hoc
897 1660 1012 1734 dono:
1037 1663 1191 1738 insulam
1211 1680 1328 1740 totam
1370 1760 1373 1767 Ι

245 1791 306 1880 ‘et
323 1775 459 1846 Babino
479 1773 578 1874 polje
601 1775 750 1870 (torono
771 1800 857 1850 utto
879 1801 900 1848 a
924 1800 1075 1850 uoeuuo
1099 1781 1203 1875 noar)
1229 1797 1266 1853 et
1288 1781 1326 1852 in

269 1891 336 1964 alia
360 1889 477 1962 insula
500 1891 655 1962 Curzola
674 1891 844 1990 (aporps)
877 1893 1069 1966 ecclesiam
1093 1895 1127 1968 S.
1149 1896 1243 1982 Viti,
1266 1899 1328 1969 Ja-

267 2009 394 2080 ninam'
408 2035 492 2080 cum
508 2009 654 2106 Popova
671 2007 775 2080 Luha
784 2063 794 2097 ,
812 2023 850 2080 et
864 2011 898 2082 S.
915 2009 1092 2108 Stephani
1111 2023 1148 2083 e't
1164 2011 1198 2084 S.
1210 2013 1328 2112 Geor-

267 2123 691 2224 gii.-·.Stephanus1)ei
718 2126 833 2221 gratia
858 2139 1053 2198 coronatus
1082 2128 1327 2218 (eborones,
1365 2159 1369 2172 ·

265 2241 364 2313 idem
388 2241 426 2312 in
448 2239 571 2314 tabula
588 2239 697 2336 Regis
716 2239 908 2312 Radoslavi
927 2267 1006 2340 pag.
1023 2243 1057 2314 2.
1078 2241 1212 2336 dicitur
1242 2267 1327 2342 npe-

264 2355 609 2448 serenissiman)
650 2357 727 2428 Rex
768 2372 805 2427 et
831 2357 1063 2428 ‘Autocrator
1110 2357 1322 2456 (comogpo-

262 2476 385 2570 nouo)
413 2475 526 2547 totius
552 2471 701 2546 Serbiae
728 2487 765 2543 et
792 2473 950 2570 regionis
975 2473 1188 2546 maritimae.
1211 2473 1323 2549 Vides

263 2613 386 2663 errare
411 2590 591 2662 editorem
609 2588 692 2659 libri
712 2583 890 2688 Cp6criu
916 2611 1176 2680 cnoueunuu
1197 2591 1322 2662 amba-

262 2706 333 2780 bus
350 2705 484 2779 tabulis
501 2704 756 2803 subjicientem
776 2720 900 2776 notam
919 2705 1003 2776 anni
1023 2705 1132 2793 1357,
1158 2705 1323 2795 oblitum,
1377 2758 1380 2761 -

263 2847 306 2894 eo
325 2847 419 2894 anno
443 2819 614 2892 inSerbia
627 2843 801 2917 regnasse
816 2819 1044 2916 Stephanum
1067 2819 1159 2894 Urod
1176 2822 1223 2911 V,
1250 2823 1321 2894 fili·

262 2964 326 3010 um
344 2937 662 3036 StephaniDubam
678 2936 900 3036 tituhunque
918 2919 1079 3038 abpatris
1098 2953 1136 3009 et
1150 2937 1213 3010 filii
1232 2966 1321 3014 esse:

262 3049 470 3150 Stephanus
492 3053 552 3126 vel
575 3051 784 3152 Stephanus
808 3053 903 3125 Urob
928 3054 967 3124 in
992 3053 1139 3127 Christo
1158 3055 1235 3128 Deo
1259 3052 1320 3154 dp-

261 3165 422 3255 θόὸοξος
445 3169 589 3267 (alapam
610 3169 669 3239 vel
694 3171 974 3267 eaorwobpnn,
1000 3171 1157 3269 optime,
1183 3187 1220 3243 at
1235 3197 1322 3270 pes·

261 3285 351 3356 sime
375 3285 624 3356 recentiorum
652 3305 938 3380 upoeotooonun
968 3311 987 3358 a
1015 3293 1152 3376 troes,
1191 3287 1319 3384 gloria)

262 3401 466 3500 Imperator
487 3400 688 3472 Serb'orum
707 3417 743 3472 et
765 3400 1002 3474 Graecorum.
1030 3402 1121 3476 Vide
1141 3394 1320 3504 Cp6c1tiu

262 3539 521 3608 enoueunrun
539 3542 645 3615 pagg.
663 3515 721 3589 521.
735 3517 792 3590 58.
814 3517 870 3589 60.
887 3518 943 3589 61.
962 3519 1018 3590 63.
1035 3519 1091 3592 67.
1109 3520 1167 3592 68.
1188 3520 1248 3595 71.
1265 3521 1319 3592 Ex

260 3632 317 3703 his
332 3646 456 3730 patet,
480 3633 625 3730 priores
641 3631 764 3703 literas
785 3633 938 3732 scriptas
955 3659 1034 3705 esse
1054 3634 1204 3707 1275-
1215 3635 1318 3724 1321,

261 3747 484 3846 posteriores
503 3772 591 3819 vero
610 3747 871 3824 1195-12211.
898 3751 1133 3838 conventura,
1153 3752 1199 3823 ad
1214 3752 1317 3848 cujus

260 3863 447 3962 privilegia
477 3863 604 3935 ambae
633 3864 777 3936 tabulae
808 3879 1002 3962 spectant,
1036 3881 1092 3938 est
1120 3865 1256 3937 ordinis
1281 3867 1316 3940 S.

261 3979 448 4052 Benedicti
472 3980 509 4052 in
535 3979 654 4066 insula
675 3979 809 4052 Melita.
833 3979 925 4055 Vide
943 3981 1127 4054 Farlatum
1150 3979 1212 4057 Vl.
1234 4008 1316 4080 pag.

260 4094 316 4166 65.
345 4096 494 4194 Corrige
521 4123 564 4168 ex
589 4095 645 4167 his
667 4097 775 4168 etiam
799 4094 1070 4202 Appendinium
1096 4097 1124 4176 l..
1135 4124 1215 4196 pag.
1234 4099 1316 4174 262.

261 4210 483 4284 scribentem
503 4212 549 4284 ad
569 4213 614 4284 ad
635 4240 771 4285 annum
794 4213 900 4286 llll:
925 4215 1084 4304 Dessan,
1109 4214 1206 4310 figlio
1225 4213 1316 4288 d’0-

259 4329 374 4413 rosio,
420 4328 516 4400 dona
536 4321 633 4427 dopo
658 4328 814 4430 qualche
838 4344 964 4428 tempo
987 4327 1033 4402 ad
1059 4329 1142 4402 altri
1165 4331 1311 4403 monaci
1373 4311 1379 4322 ⁶

261 4441 480 4516 l’usufrutto
501 4444 595 4517 delle
615 4461 712 4518 terre
732 4443 814 4516 dell’
829 4445 919 4518 isola
937 4446 973 4517 di
996 4445 1156 4535 Meleda,
1182 4447 1242 4519 el'
1259 4449 1314 4520 al-

131 4657 138 4670 ·
262 4573 300 4630 to
322 4557 484 4632 dominio
506 4560 575 4633 alla
598 4559 809 4660 Republica.
830 4555 883 4631 Ex
902 4560 981 4634 aliis
1005 4559 1135 4635 litteris
1158 4587 1240 4661 pag.
1265 4565 1312 4634 59
