3354 5124
552 307 556 314 ι
665 289 670 320 ι

687 341 852 408 *mh-fl

265 463 490 594 διαφέρεσθε
504 484 597 591 πρός
616 484 664 563 τοί
683 487 814 590 νήπια,
835 485 944 567 αὐτοὶ
964 489 1066 586 ὐμών
1085 489 1203 593 κριταί
1222 490 1322 566 ίσον·
1413 529 1419 542 ·

264 634 326 683 τον
349 601 445 682 κατὰ
469 600 537 681 τόν
560 609 632 680 τού
657 609 824 706 οοιτήρος
850 601 976 698 λόγον.
1005 608 1124 696 καλοῖς
1146 613 1237 700 γοῦν
1262 605 1325 696 κοιλ

195 793 199 798 .
264 725 379 798 τούτο
416 716 510 822 μετὰ
534 725 609 796 τών
643 717 761 796 ἄλλων
795 718 1080 822 προανεφώνησε
1115 719 1197 822 περί
1221 724 1324 822 ὐμών

140 861 143 868 ·
264 840 285 912 ό
311 836 508 940 προφήτης
536 829 685 925 Ἠσαίας
707 837 835 930 λόγοιν.
862 835 908 912 οὐ
934 834 1013 910 νύν
1030 836 1324 939 αἰσχυνθήσεται

262 951 398 1047 Ἰακώβ,
422 952 510 1029 οὐδὲ
525 958 593 1027 νύν
618 948 663 1028 τό
681 950 880 1055 πρόσωπον
892 956 1107 1050 μεταβαλεῖς
1129 953 1207 1030 ἀλλ’
1234 952 1323 1032 όταν

260 1069 368 1146 ἴδωσι
394 1067 442 1145 τοί
465 1061 722 1146 τίκναάὐτών
748 1065 796 1144 τὰ
822 1069 909 1169 ἔργα
932 1097 1026 1167 μου,
1052 1069 1099 1146 δι’
1129 1070 1191 1170 ἐμὲ
1217 1069 1322 1164 ἁγνοί·

262 1211 372 1262 οουοι
388 1182 455 1261 τόν
464 1182 566 1280 ἅγιον
580 1189 651 1261 τού
666 1181 801 1277 Ἰακώβ,
816 1182 877 1260 καί
890 1180 1063 1260 τὸνθεόν
1089 1191 1161 1276 τοῦ,
1175 1185 1322 1291 Ἰσραήλ

264 1299 570 1404 φοβηθήσονται·
597 1299 658 1376 καί
679 1297 881 1394 γνώσονται
904 1304 939 1376 οἰ
960 1306 1015 1401 τηῖ
1035 1300 1215 1402 πνεύματι
1229 1307 1321 1380 πλα-

261 1415 413 1516 νώμενοι
428 1414 591 1508 σύνεσιν,
615 1419 650 1490 οἰ
665 1418 707 1492 δὲ
722 1414 961 1511 γογγύζοντος
974 1415 1214 1519 μαθήσονται
1227 1421 1320 1496 ύπα·

260 1531 399 1625 κούειν,
426 1531 488 1608 καί
509 1535 548 1606 αἰ
567 1533 728 1626 γλώσσαι
744 1529 981 1634 φελλίζουσαι
998 1532 1239 1635 μαθήσονται
1254 1540 1318 1612 λα-

260 1651 334 1722 λεῑν
347 1645 508 1750 εἰρήνην.
530 1649 634 1750 ὁρᾶς,
659 1642 687 1722 ώ
712 1645 845 1749 ἀνόητε
873 1648 1047 1740 Ἰουδαῖος
1068 1654 1147 1740 πώς
1170 1655 1210 1726 ἐκ
1227 1677 1318 1750 προ-
1406 1709 1409 1717 .

260 1760 387 1862 οιμίοιν
411 1768 485 1839 τοῦ
517 1762 631 1857 λόγου
656 1761 836 1866 αἰσχύνην
864 1766 950 1864 ύμῖν
972 1759 1321 1865 προκαταγγέλλειὸ
1400 1847 1403 1852 ,

147 1929 151 1940 ·
258 1877 455 1982 προφήτης
483 1877 545 1992 διοί
580 1877 651 1982 τήν
680 1875 872 1955 ἀπείθειαν
906 1882 1031 1980 δμοίνς
1067 1879 1212 1980 μάθετε
1247 1878 1316 1982 κᾷν

257 1995 342 2098 παρ’
377 1995 514 2088 αὐτού,
545 2001 623 2086 πῶς
656 1991 904 2072 θεοδίδακτον
937 1994 1116 2098 κηρύσσει
1147 1995 1218 2100 τήν
1243 2006 1318 2074 τών

258 2114 392 2188 τέκνοιν
414 2113 517 2210 ὐμών
544 2109 749 2211 ὐμνῳδίαν,
779 2115 829 2204 ώς
856 2111 917 2188 καί
942 2115 961 2187 ὁ
989 2111 1167 2217 μακάριος
1192 2112 1316 2192 Δαυίδ

258 2226 540 2331 προανεφώνησε
572 2230 700 2322 λέγων·
730 2235 770 2304 ἐκ
798 2227 957 2328 ςόματος
985 2226 1212 2329 νηπίωνκαί
1234 2237 1309 2331 θη·

222 2341 225 2348 ’
263 2344 447 2436 λαζόντων
475 2341 684 2447 κατηρτίσω
709 2337 829 2420 αἰνον.
852 2339 878 2448 ή
903 2340 1028 2420 τοίνυν
1046 2342 1120 2448 Ιτήν
1142 2343 1321 2448 ὁσιότητα

211 2507 216 2520 ·
262 2468 336 2536 τῶν
361 2458 501 2538 παίδων
531 2459 789 2560 οἰκειώσασθο,
825 2465 875 2551 ολς
905 2463 1038 2564 χρίων,
1071 2457 1096 2565 ή
1124 2458 1218 2562 μετὰ
1250 2468 1321 2564 τής

261 2573 443 2670 εὐσεβείας
475 2575 536 2652 καί
564 2574 656 2667 τούς
681 2579 815 2667 παῖδας
841 2579 927 2678 ημῖν
957 2573 1181 2676 χαρίσασθε.
1213 2581 1318 2681 ἡμεῖς

259 2692 408 2784 τούτοις
433 2692 734 2796 συγχορεύσοιμεν
753 2691 815 2768 καί
838 2687 1156 2796 συνεορτύσοιμεν,
1185 2692 1247 2770 καί
1265 2699 1317 2802 τῇ

259 2816 367 2919 καινή
394 2808 541 2918 γλώσσῃ
566 2806 609 2885 τό
637 2803 883 2888 θεοδίδακτον
904 2803 1007 2910 ᾆσμα
1031 2808 1312 2912 συμφώλλωμεν.

258 2930 348 3004 ποτὲ
373 2926 440 3026 μίν
471 2923 542 3029 γὰρ
567 2923 728 3026 Συμεών
759 2928 779 3000 ὁ
806 2924 1016 3027 πρεσβύτης
1041 2924 1231 3028 ’ὑπήντησε
1259 2927 1314 3026 ’τῷ

259 3047 413 3145 οοιτήρι,
436 3039 497 3118 καλ
521 3053 602 3134 τοίς
627 3041 802 3136 ἀγκύλαις
819 3039 1020 3131 ὐπεδίξατο
1047 3037 1113 3117 τόν
1138 3045 1213 3116 τών
1228 3041 1313 3146 αἰώγ
1397 3075 1402 3086 ·

257 3186 328 3232 νοιν
352 3156 538 3260 δεσπότην
562 3161 611 3249 ώς
631 3159 765 3262 βρέφος
771 3215 781 3250 ,
811 3155 872 3232 καί
891 3155 1019 3260 κύριον
1032 3155 1093 3232 καί
1113 3152 1207 3234 θεὸν
1227 3157 1313 3260 ἐκή-
1372 3211 1374 3216 -

258 3275 358 3375 ρυξε·
387 3278 454 3350 νύν
478 3275 519 3350 δί
543 3273 624 3351 ἀντί
655 3275 910 3376 πρεσβυτέριον
932 3271 1147 3372 ἀγνωμόνων
1169 3277 1204 3348 οἰ
1226 3285 1309 3350 παῖ-

256 3391 317 3476 δες
347 3393 402 3486 τῷ
429 3389 568 3494 σοιτήρι
605 3389 825 3492 ὑπήντησαν
861 3391 910 3480 ώς
948 3383 1128 3489 Συμεών,
1162 3387 1224 3464 καί
1260 3389 1309 3468 τοί

256 3501 374 3605 κλώδη
404 3503 486 3580 ἅντί
522 3505 687 3600 ἆγκαλών
727 3505 959 3606 ὐπίςροισαν,
998 3501 1059 3579 καί
1088 3503 1216 3608 κύριον
1249 3503 1311 3581 καί

234 3618 348 3696 θεὸν
374 3618 587 3724 ηὐλόγησαν
618 3619 684 3697 τόν
715 3618 774 3696 ἐπὶ
798 3619 942 3713 πώλου,
966 3623 1016 3710 ώς
1038 3617 1098 3696 ἐπί
1117 3620 1310 3725 Χερουβὶμ

254 3737 516 3837 καθεζόμενον,
553 3735 696 3836 ώσαννοὶ
727 3741 789 3836 τῷ
803 3739 873 3836 υίηί
901 3737 1042 3828 Δαυίδ,1
1065 3739 1308 3842 εὐλογημένος

255 3853 495 3958 ὁέργόμενος
526 3859 578 3966 ἐν.
599 3851 751 3954 ὀνόματι
783 3849 933 3954 κυρίου·
964 3854 1052 3952 μεθ’
1090 3850 1140 3930 ών
1166 3853 1307 3957 βοήσα-

250 3998 317 4067 μεν
341 3968 402 4045 καί
427 3972 529 4069 ὑμεῖς
536 4025 547 4062 ,
576 3969 816 4071 εὐλογημένος
838 3971 916 4044 όέκ
938 3973 1037 4046 θεοῦ
1065 3967 1182 4062 θεός,
1201 3965 1221 4046 ό
1242 3977 1306 4064 βοι-

252 4071 375 4176 σιλεύς
399 4091 469 4188 τής
495 4085 625 4188 δόξης,
652 4089 671 4160 ὁ
696 4084 913 4181 πτυχεύσας
934 4092 974 4162 ἐν
1000 4097 1078 4178 τοῖς
1102 4085 1207 4179 ἰδίοις
1237 4089 1304 4163 αὐ-

251 4206 322 4276 τού
344 4200 587 4297 ἀπτωχεύτοις
615 4202 663 4278 δι’
692 4205 808 4304 ήμοῖς,
834 4199 894 4277 ίνε
928 4205 1026 4306 ήμοῖς
1048 4200 1231 4307 πλουτίση
1256 4209 1307 4314 τῇ

250 4312 372 4393 αὐτού
381 4316 608 4418 ὐγαθότητι·
623 4317 862 4419 εὐλογημόνος
875 4316 1072 4394 όέλθοίνὲν
1083 4318 1305 4412 ταπεινώσει,

250 4431 313 4525 καί
320 4432 429 4510 πάλιν
438 4431 629 4537 ἐρχόμενος
638 4439 677 4510 ἰν
691 4432 796 4542 δόξῃ·
811 4437 957 4536 πρώτον
971 4433 1032 4510 ἰπὶ
1043 4433 1171 4511 πώλου
1183 4430 1309 4540 πραύς

249 4547 310 4624 καί
343 4546 418 4628 ύπό
450 4545 589 4650 νηπίαν
619 4543 960 4652 ἀνευφημούμενος,
987 4548 1085 4641 ὅπως
1116 4556 1306 4660 πληρωθῇ
