<?xml version="1.0" encoding="UTF-8"?>
<!DOCTYPE html PUBLIC "-//W3C//DTD XHTML 1.0 Transitional//EN"
    "http://www.w3.org/TR/xhtml1/DTD/xhtml1-transitional.dtd">
<html xmlns="http://www.w3.org/1999/xhtml" xml:lang="en" lang="en">
 <head>
  <title>
</title>
<meta http-equiv="Content-Type" content="text/html;charset=utf-8" />
  <meta name='ocr-system' content='tesseract 3.04.00' />
  <meta name='ocr-capabilities' content='ocr_page ocr_carea ocr_par ocr_line ocrx_word'/>
</head>
<body>
  <div class='ocr_page' id='page_1' title='image "./homiliainramosp00miklgoog_0041.png"; bbox 0 0 3354 5124; ppageno 0'>
   <div class='ocr_carea' id='block_1_1' title="bbox 228 349 1306 2110">
    <p class='ocr_par' dir='ltr' id='par_1_1' title="bbox 228 349 1306 2110">
     <span class='ocr_line' id='line_1_1' title="bbox 680 349 846 416; baseline -0.006 -19"><span class='ocrx_word' id='word_1_1' title='bbox 680 383 724 397; x_wconf 84' lang='lat'><strong><em>..</em></strong></span> <span class='ocrx_word' id='word_1_2' title='bbox 744 349 786 416; x_wconf 65' lang='grc' dir='ltr'><strong><em>φφ</em></strong></span> <span class='ocrx_word' id='word_1_3' title='bbox 808 383 846 396; x_wconf 82' lang='grc'><strong><em>..</em></strong></span> 
     </span>
     <span class='ocr_line' id='line_1_2' title="bbox 230 493 1288 598; baseline 0 -24"><span class='ocrx_word' id='word_1_4' title='bbox 230 505 269 574; x_wconf 77' lang='grc' dir='ltr'><strong><em>δν</em></strong></span> <span class='ocrx_word' id='word_1_5' title='bbox 301 495 451 598; x_wconf 85' lang='grc' dir='ltr'><strong><em>ὀνόματι</em></strong></span> <span class='ocrx_word' id='word_1_6' title='bbox 484 494 624 596; x_wconf 89' lang='grc' dir='ltr'><strong><em>κυρίου.</em></strong></span> <span class='ocrx_word' id='word_1_7' title='bbox 658 495 810 574; x_wconf 73' lang='grc' dir='ltr'><strong><em>Τοίτων</em></strong></span> <span class='ocrx_word' id='word_1_8' title='bbox 845 497 886 570; x_wconf 79' lang='grc' dir='ltr'><strong><em>δὲ</em></strong></span> <span class='ocrx_word' id='word_1_9' title='bbox 920 493 1018 570; x_wconf 84' lang='grc' dir='ltr'><strong><em>οὕτω</em></strong></span> <span class='ocrx_word' id='word_1_10' title='bbox 1046 499 1288 597; x_wconf 68' lang='grc' dir='ltr'><strong><em>τελουμένων,</em></strong></span> 
     </span>
     <span class='ocr_line' id='line_1_3' title="bbox 231 607 1288 716; baseline 0 -24"><span class='ocrx_word' id='word_1_11' title='bbox 231 615 293 692; x_wconf 83' lang='grc' dir='ltr'><strong><em>καί</em></strong></span> <span class='ocrx_word' id='word_1_12' title='bbox 331 619 406 691; x_wconf 84' lang='grc' dir='ltr'><strong><em>τῶν</em></strong></span> <span class='ocrx_word' id='word_1_13' title='bbox 433 619 619 715; x_wconf 89' lang='grc' dir='ltr'><strong><em>μαθητῶν</em></strong></span> <span class='ocrx_word' id='word_1_14' title='bbox 647 610 874 716; x_wconf 78' lang='grc' dir='ltr'><strong><em>χορευόντων</em></strong></span> <span class='ocrx_word' id='word_1_15' title='bbox 909 610 991 711; x_wconf 78' lang='grc' dir='ltr'><strong><em>περὶ</em></strong></span> <span class='ocrx_word' id='word_1_16' title='bbox 1018 621 1146 688; x_wconf 89' lang='grc' dir='ltr'><strong><em>πασῶν</em></strong></span> <span class='ocrx_word' id='word_1_17' title='bbox 1170 611 1220 691; x_wconf 84' lang='grc' dir='ltr'><strong><em>ῶν</em></strong></span> <span class='ocrx_word' id='word_1_18' title='bbox 1241 607 1288 691; x_wconf 83' lang='grc' dir='ltr'><strong><em>εί·</em></strong></span> 
     </span>
     <span class='ocr_line' id='line_1_4' title="bbox 229 727 1288 832; baseline -0.001 -25"><span class='ocrx_word' id='word_1_19' title='bbox 229 735 296 808; x_wconf 87' lang='grc' dir='ltr'><strong><em>δον</em></strong></span> <span class='ocrx_word' id='word_1_20' title='bbox 330 728 538 832; x_wconf 87' lang='grc' dir='ltr'><strong><em>δυνάμεων,</em></strong></span> <span class='ocrx_word' id='word_1_21' title='bbox 569 727 630 806; x_wconf 88' lang='grc' dir='ltr'><strong><em>καί</em></strong></span> <span class='ocrx_word' id='word_1_22' title='bbox 651 727 844 824; x_wconf 88' lang='grc' dir='ltr'><strong><em>λεγόντων,</em></strong></span> <span class='ocrx_word' id='word_1_23' title='bbox 877 727 1119 830; x_wconf 74' lang='grc' dir='ltr'><strong><em>εὐλογημένος</em></strong></span> <span class='ocrx_word' id='word_1_24' title='bbox 1142 731 1162 805; x_wconf 91' lang='grc' dir='ltr'><strong><em>ό</em></strong></span> <span class='ocrx_word' id='word_1_25' title='bbox 1184 729 1288 831; x_wconf 75' lang='grc' dir='ltr'><strong><em>ἀρχό-</em></strong></span> 
     </span>
     <span class='ocr_line' id='line_1_5' title="bbox 228 833 1306 950; baseline -0.003 -27"><span class='ocrx_word' id='word_1_26' title='bbox 228 873 337 948; x_wconf 85' lang='grc' dir='ltr'><strong><em>μενος</em></strong></span> <span class='ocrx_word' id='word_1_27' title='bbox 362 853 402 923; x_wconf 79' lang='grc' dir='ltr'><strong><em>ἐν</em></strong></span> <span class='ocrx_word' id='word_1_28' title='bbox 424 843 575 946; x_wconf 86' lang='grc' dir='ltr'><strong><em>ὀνόματι</em></strong></span> <span class='ocrx_word' id='word_1_29' title='bbox 604 842 752 948; x_wconf 80' lang='grc' dir='ltr'><strong><em>κυρίου·</em></strong></span> <span class='ocrx_word' id='word_1_30' title='bbox 784 851 824 920; x_wconf 75' lang='grc' dir='ltr'><strong><em>ἐν</em></strong></span> <span class='ocrx_word' id='word_1_31' title='bbox 850 842 995 947; x_wconf 81' lang='grc' dir='ltr'><strong><em>όφίςοις</em></strong></span> <span class='ocrx_word' id='word_1_32' title='bbox 1020 844 1110 934; x_wconf 82' lang='grc' dir='ltr'><strong><em>δόξα</em></strong></span> <span class='ocrx_word' id='word_1_33' title='bbox 1135 844 1194 922; x_wconf 73' lang='grc' dir='ltr'><strong><em>ἐπί</em></strong></span> <span class='ocrx_word' id='word_1_34' title='bbox 1221 833 1306 950; x_wconf 77' lang='grc' dir='ltr'><strong><em>γῆςΙ</em></strong></span> 
     </span>
     <span class='ocr_line' id='line_1_6' title="bbox 229 957 1288 1074; baseline 0 -36"><span class='ocrx_word' id='word_1_35' title='bbox 229 961 371 1066; x_wconf 75' lang='grc' dir='ltr'><strong><em>εἰρήνη,</em></strong></span> <span class='ocrx_word' id='word_1_36' title='bbox 411 961 567 1067; x_wconf 74' lang='grc' dir='ltr'><strong><em>ἡπόλις</em></strong></span> <span class='ocrx_word' id='word_1_37' title='bbox 593 960 727 1039; x_wconf 77' lang='grc' dir='ltr'><strong><em>ἐσείετο</em></strong></span> <span class='ocrx_word' id='word_1_38' title='bbox 759 963 934 1057; x_wconf 83' lang='grc' dir='ltr'><strong><em>λέγουσα·</em></strong></span> <span class='ocrx_word' id='word_1_39' title='bbox 967 958 1024 1052; x_wconf 89' lang='grc' dir='ltr'><strong><em>τίς</em></strong></span> <span class='ocrx_word' id='word_1_40' title='bbox 1057 967 1129 1052; x_wconf 78' lang='grc' dir='ltr'><strong><em>ίςιν</em></strong></span> <span class='ocrx_word' id='word_1_41' title='bbox 1157 957 1288 1074; x_wconf 64' lang='grc' dir='ltr'><strong><em>οότος;</em></strong></span> 
     </span>
     <span class='ocr_line' id='line_1_7' title="bbox 232 1074 1288 1183; baseline -0.001 -28"><span class='ocrx_word' id='word_1_42' title='bbox 232 1081 495 1181; x_wconf 74' lang='grc' dir='ltr'><strong><em>πεπυρωμένον</em></strong></span> <span class='ocrx_word' id='word_1_43' title='bbox 512 1075 656 1183; x_wconf 91' lang='grc' dir='ltr'><strong><em>φθόνον</em></strong></span> <span class='ocrx_word' id='word_1_44' title='bbox 681 1074 775 1156; x_wconf 89' lang='grc' dir='ltr'><strong><em>κατά</em></strong></span> <span class='ocrx_word' id='word_1_45' title='bbox 803 1081 873 1178; x_wconf 81' lang='grc' dir='ltr'><strong><em>τῆς</em></strong></span> <span class='ocrx_word' id='word_1_46' title='bbox 897 1082 975 1153; x_wconf 80' lang='grc' dir='ltr'><strong><em>τοῦ</em></strong></span> <span class='ocrx_word' id='word_1_47' title='bbox 1007 1076 1192 1154; x_wconf 87' lang='grc' dir='ltr'><strong><em>δεσπότου</em></strong></span> <span class='ocrx_word' id='word_1_48' title='bbox 1226 1077 1288 1156; x_wconf 89' lang='grc' dir='ltr'><strong><em>δό-</em></strong></span> 
     </span>
     <span class='ocr_line' id='line_1_8' title="bbox 234 1189 1288 1298; baseline -0.003 -25"><span class='ocrx_word' id='word_1_49' title='bbox 234 1198 299 1298; x_wconf 82' lang='grc' dir='ltr'><strong><em>ξης</em></strong></span> <span class='ocrx_word' id='word_1_50' title='bbox 332 1200 502 1273; x_wconf 80' lang='grc' dir='ltr'><strong><em>κινοῦσα.</em></strong></span> <span class='ocrx_word' id='word_1_51' title='bbox 537 1193 645 1272; x_wconf 87' lang='grc' dir='ltr'><strong><em>πόλιν</em></strong></span> <span class='ocrx_word' id='word_1_52' title='bbox 678 1192 720 1270; x_wconf 86' lang='grc' dir='ltr'><strong><em>δί</em></strong></span> <span class='ocrx_word' id='word_1_53' title='bbox 751 1193 896 1270; x_wconf 83' lang='grc' dir='ltr'><strong><em>ἀκούων</em></strong></span> <span class='ocrx_word' id='word_1_54' title='bbox 930 1189 1002 1296; x_wconf 77' lang='grc' dir='ltr'><strong><em>τὴν</em></strong></span> <span class='ocrx_word' id='word_1_55' title='bbox 1030 1191 1189 1270; x_wconf 84' lang='grc' dir='ltr'><strong><em>παλαιάν</em></strong></span> <span class='ocrx_word' id='word_1_56' title='bbox 1218 1199 1288 1295; x_wconf 80' lang='grc' dir='ltr'><strong><em>της</em></strong></span> 
     </span>
     <span class='ocr_line' id='line_1_9' title="bbox 234 1307 1289 1414; baseline 0 -28"><span class='ocrx_word' id='word_1_57' title='bbox 234 1317 447 1414; x_wconf 76' lang='grc' dir='ltr'><strong><em>συναγωγῆς</em></strong></span> <span class='ocrx_word' id='word_1_58' title='bbox 466 1311 626 1388; x_wconf 81' lang='grc' dir='ltr'><strong><em>ἄτακτον</em></strong></span> <span class='ocrx_word' id='word_1_59' title='bbox 645 1307 800 1414; x_wconf 86' lang='grc' dir='ltr'><strong><em>πληθδν</em></strong></span> <span class='ocrx_word' id='word_1_60' title='bbox 824 1307 1047 1405; x_wconf 81' lang='grc' dir='ltr'><strong><em>ἐπιγίνωσκε.</em></strong></span> <span class='ocrx_word' id='word_1_61' title='bbox 1069 1312 1289 1412; x_wconf 80' lang='grc' dir='ltr'><strong><em>διερωτῶσιν</em></strong></span> 
     </span>
     <span class='ocr_line' id='line_1_10' title="bbox 233 1422 1288 1528; baseline -0.003 -24"><span class='ocrx_word' id='word_1_62' title='bbox 233 1432 269 1504; x_wconf 86' lang='grc' dir='ltr'><strong><em>οί</em></strong></span> <span class='ocrx_word' id='word_1_63' title='bbox 292 1427 513 1528; x_wconf 84' lang='grc' dir='ltr'><strong><em>ἀγνώμονες,</em></strong></span> <span class='ocrx_word' id='word_1_64' title='bbox 547 1425 604 1518; x_wconf 89' lang='grc' dir='ltr'><strong><em>τίς</em></strong></span> <span class='ocrx_word' id='word_1_65' title='bbox 630 1433 703 1518; x_wconf 77' lang='grc' dir='ltr'><strong><em>όςιν</em></strong></span> <span class='ocrx_word' id='word_1_66' title='bbox 725 1422 858 1521; x_wconf 81' lang='grc' dir='ltr'><strong><em>οάτος;</em></strong></span> <span class='ocrx_word' id='word_1_67' title='bbox 889 1429 938 1516; x_wconf 87' lang='grc' dir='ltr'><strong><em>ῶς</em></strong></span> <span class='ocrx_word' id='word_1_68' title='bbox 958 1425 1069 1528; x_wconf 73' lang='grc' dir='ltr'><strong><em>μηπω</em></strong></span> <span class='ocrx_word' id='word_1_69' title='bbox 1090 1424 1288 1528; x_wconf 73' lang='grc' dir='ltr'><strong><em>ἑωρακότες</em></strong></span> 
     </span>
     <span class='ocr_line' id='line_1_11' title="bbox 235 1539 1288 1646; baseline -0.003 -27"><span class='ocrx_word' id='word_1_70' title='bbox 235 1541 302 1620; x_wconf 86' lang='grc' dir='ltr'><strong><em>τόν</em></strong></span> <span class='ocrx_word' id='word_1_71' title='bbox 325 1543 518 1646; x_wconf 82' lang='grc' dir='ltr'><strong><em>εὐεργέτην</em></strong></span> <span class='ocrx_word' id='word_1_72' title='bbox 535 1541 596 1620; x_wconf 89' lang='grc' dir='ltr'><strong><em>καί</em></strong></span> <span class='ocrx_word' id='word_1_73' title='bbox 623 1541 840 1646; x_wconf 82' lang='grc' dir='ltr'><strong><em>περιβόητον</em></strong></span> <span class='ocrx_word' id='word_1_74' title='bbox 856 1553 934 1632; x_wconf 82' lang='grc' dir='ltr'><strong><em>τοῖς</em></strong></span> <span class='ocrx_word' id='word_1_75' title='bbox 950 1543 1173 1644; x_wconf 83' lang='grc' dir='ltr'><strong><em>θεοπρεπέσι</em></strong></span> <span class='ocrx_word' id='word_1_76' title='bbox 1189 1539 1288 1617; x_wconf 83' lang='grc' dir='ltr'><strong><em>θαύ-</em></strong></span> 
     </span>
     <span class='ocr_line' id='line_1_12' title="bbox 233 1655 1287 1766; baseline -0.004 -30"><span class='ocrx_word' id='word_1_77' title='bbox 233 1685 360 1760; x_wconf 89' lang='grc' dir='ltr'><strong><em>μασιν.</em></strong></span> <span class='ocrx_word' id='word_1_78' title='bbox 398 1659 444 1735; x_wconf 85' lang='grc' dir='ltr'><strong><em>οά</em></strong></span> <span class='ocrx_word' id='word_1_79' title='bbox 470 1658 539 1762; x_wconf 84' lang='grc' dir='ltr'><strong><em>γάρ</em></strong></span> <span class='ocrx_word' id='word_1_80' title='bbox 568 1661 763 1752; x_wconf 70' lang='grc' dir='ltr'><strong><em>κατέλαβεν</em></strong></span> <span class='ocrx_word' id='word_1_81' title='bbox 789 1660 813 1762; x_wconf 72' lang='grc' dir='ltr'><em>ἡ</em></span> <span class='ocrx_word' id='word_1_82' title='bbox 838 1655 922 1734; x_wconf 89' lang='grc' dir='ltr'><strong><em>σκιά</em></strong></span> <span class='ocrx_word' id='word_1_83' title='bbox 947 1655 991 1734; x_wconf 87' lang='grc' dir='ltr'><strong><em>τό</em></strong></span> <span class='ocrx_word' id='word_1_84' title='bbox 1024 1663 1063 1733; x_wconf 78' lang='grc' dir='ltr'><strong><em>ἐν</em></strong></span> <span class='ocrx_word' id='word_1_85' title='bbox 1092 1657 1193 1766; x_wconf 75' lang='grc' dir='ltr'><strong><em>αὐτῇ</em></strong></span> <span class='ocrx_word' id='word_1_86' title='bbox 1212 1663 1287 1733; x_wconf 78' lang='grc' dir='ltr'><strong><em>ἐπι-</em></strong></span> 
     </span>
     <span class='ocr_line' id='line_1_13' title="bbox 235 1771 1291 1880; baseline -0.005 -28"><span class='ocrx_word' id='word_1_87' title='bbox 235 1773 550 1879; x_wconf 80' lang='grc' dir='ltr'><strong><em>λάμψανάδυτον</em></strong></span> <span class='ocrx_word' id='word_1_88' title='bbox 582 1781 677 1880; x_wconf 86' lang='grc' dir='ltr'><strong><em>φῶς.</em></strong></span> <span class='ocrx_word' id='word_1_89' title='bbox 713 1773 806 1850; x_wconf 86' lang='grc' dir='ltr'><strong><em>ὅθεν</em></strong></span> <span class='ocrx_word' id='word_1_90' title='bbox 833 1771 1052 1874; x_wconf 80' lang='grc' dir='ltr'><strong><em>εόθυβόλως</em></strong></span> <span class='ocrx_word' id='word_1_91' title='bbox 1084 1771 1291 1877; x_wconf 72' lang='grc' dir='ltr'><strong><em>’προανακόὲ</em></strong></span> 
     </span>
     <span class='ocr_line' id='line_1_14' title="bbox 235 1885 1287 1996; baseline -0.004 -28"><span class='ocrx_word' id='word_1_92' title='bbox 235 1919 343 1996; x_wconf 89' lang='grc' dir='ltr'><strong><em>κραγε</em></strong></span> <span class='ocrx_word' id='word_1_93' title='bbox 367 1889 459 1994; x_wconf 82' lang='grc' dir='ltr'><strong><em>πρός</em></strong></span> <span class='ocrx_word' id='word_1_94' title='bbox 485 1889 627 1981; x_wconf 85' lang='grc' dir='ltr'><strong><em>αάτοδς</em></strong></span> <span class='ocrx_word' id='word_1_95' title='bbox 641 1885 790 1981; x_wconf 83' lang='grc' dir='ltr'><strong><em>Ἠσαίας</em></strong></span> <span class='ocrx_word' id='word_1_96' title='bbox 809 1891 937 1985; x_wconf 84' lang='grc' dir='ltr'><strong><em>λέγων·</em></strong></span> <span class='ocrx_word' id='word_1_97' title='bbox 969 1894 1005 1965; x_wconf 88' lang='grc' dir='ltr'><strong><em>οί</em></strong></span> <span class='ocrx_word' id='word_1_98' title='bbox 1031 1888 1147 1991; x_wconf 82' lang='grc' dir='ltr'><strong><em>κωφοί</em></strong></span> <span class='ocrx_word' id='word_1_99' title='bbox 1177 1887 1287 1965; x_wconf 83' lang='grc' dir='ltr'><strong><em>ἀκοά-</em></strong></span> 
     </span>
     <span class='ocr_line' id='line_1_15' title="bbox 234 2001 1286 2110; baseline -0.004 -25"><span class='ocrx_word' id='word_1_100' title='bbox 234 2035 340 2102; x_wconf 87' lang='grc' dir='ltr'><strong><em>σατε,</em></strong></span> <span class='ocrx_word' id='word_1_101' title='bbox 364 2007 424 2084; x_wconf 88' lang='grc' dir='ltr'><strong><em>καὶ</em></strong></span> <span class='ocrx_word' id='word_1_102' title='bbox 449 2011 484 2083; x_wconf 89' lang='grc' dir='ltr'><strong><em>οί</em></strong></span> <span class='ocrx_word' id='word_1_103' title='bbox 505 2005 639 2110; x_wconf 84' lang='grc' dir='ltr'><strong><em>τυφλοί</em></strong></span> <span class='ocrx_word' id='word_1_104' title='bbox 662 2007 890 2109; x_wconf 83' lang='grc' dir='ltr'><strong><em>ἀναβλίφατε</em></strong></span> <span class='ocrx_word' id='word_1_105' title='bbox 914 2007 1018 2083; x_wconf 83' lang='grc' dir='ltr'><strong><em>ίδεῖν.</em></strong></span> <span class='ocrx_word' id='word_1_106' title='bbox 1053 2004 1114 2082; x_wconf 84' lang='grc' dir='ltr'><strong><em>καί</em></strong></span> <span class='ocrx_word' id='word_1_107' title='bbox 1136 2001 1192 2095; x_wconf 86' lang='grc' dir='ltr'><strong><em>τίς</em></strong></span> <span class='ocrx_word' id='word_1_108' title='bbox 1221 2032 1286 2081; x_wconf 84' lang='grc' dir='ltr'><strong><em>τυ-</em></strong></span> 
     </span>
    </p>
   </div>
   <div class='ocr_carea' id='block_1_2' title="bbox 6 2067 1287 2228">
    <p class='ocr_par' dir='ltr' id='par_1_2' title="bbox 6 2067 1287 2228">
     <span class='ocr_line' id='line_1_16' title="bbox 6 2067 1287 2228; baseline -0.004 -28"><span class='ocrx_word' id='word_1_109' title='bbox 6 2067 7 2074; x_wconf 15' lang='grc' dir='ltr'><strong><em>ί</em></strong></span> <span class='ocrx_word' id='word_1_110' title='bbox 86 2175 91 2188; x_wconf 89' lang='lat'><strong>·</strong></span> <span class='ocrx_word' id='word_1_111' title='bbox 235 2122 339 2228; x_wconf 87' lang='grc' dir='ltr'><strong><em>φλδς,</em></strong></span> <span class='ocrx_word' id='word_1_112' title='bbox 358 2123 435 2201; x_wconf 85' lang='grc' dir='ltr'><strong><em>ἀλλ’</em></strong></span> <span class='ocrx_word' id='word_1_113' title='bbox 463 2118 488 2227; x_wconf 74' lang='grc' dir='ltr'>ἢ</span> <span class='ocrx_word' id='word_1_114' title='bbox 515 2127 549 2197; x_wconf 89' lang='grc' dir='ltr'><strong><em>οί</em></strong></span> <span class='ocrx_word' id='word_1_115' title='bbox 572 2125 698 2213; x_wconf 80' lang='grc' dir='ltr'><strong><em>παῖδάς</em></strong></span> <span class='ocrx_word' id='word_1_116' title='bbox 724 2149 798 2224; x_wconf 88' lang='grc' dir='ltr'><strong><em>μου</em></strong></span> <span class='ocrx_word' id='word_1_117' title='bbox 805 2153 818 2217; x_wconf 94' lang='grc'><strong><em>,·</em></strong></span> <span class='ocrx_word' id='word_1_118' title='bbox 855 2120 915 2198; x_wconf 89' lang='grc' dir='ltr'><strong><em>καί</em></strong></span> <span class='ocrx_word' id='word_1_119' title='bbox 942 2121 1074 2227; x_wconf 86' lang='grc' dir='ltr'><strong><em>κωφοί,</em></strong></span> <span class='ocrx_word' id='word_1_120' title='bbox 1103 2115 1224 2222; x_wconf 74' lang='grc' dir='ltr'><strong><em>ἀλλ’ἢ</em></strong></span> <span class='ocrx_word' id='word_1_121' title='bbox 1252 2125 1287 2195; x_wconf 87' lang='grc' dir='ltr'><strong><em>σί</em></strong></span> 
     </span>
    </p>
   </div>
   <div class='ocr_carea' id='block_1_3' title="bbox 222 2237 1288 3156">
    <p class='ocr_par' dir='ltr' id='par_1_3' title="bbox 222 2237 1288 3156">
     <span class='ocr_line' id='line_1_17' title="bbox 234 2237 1288 2344; baseline -0.003 -29"><span class='ocrx_word' id='word_1_122' title='bbox 234 2237 462 2339; x_wconf 81' lang='grc' dir='ltr'><strong><em>κυριεύοντες</em></strong></span> <span class='ocrx_word' id='word_1_123' title='bbox 480 2239 604 2315; x_wconf 86' lang='grc' dir='ltr'><strong><em>αὐτῶν</em></strong></span> <span class='ocrx_word' id='word_1_124' title='bbox 610 2271 623 2334; x_wconf 92' lang='grc'><strong><em>,·</em></strong></span> <span class='ocrx_word' id='word_1_125' title='bbox 646 2238 706 2318; x_wconf 84' lang='grc' dir='ltr'><strong><em>καί</em></strong></span> <span class='ocrx_word' id='word_1_126' title='bbox 725 2239 1002 2344; x_wconf 81' lang='grc' dir='ltr'><strong><em>ἐτυφλῶθησαν</em></strong></span> <span class='ocrx_word' id='word_1_127' title='bbox 1017 2243 1051 2314; x_wconf 92' lang='grc' dir='ltr'><strong><em>οί</em></strong></span> <span class='ocrx_word' id='word_1_128' title='bbox 1073 2242 1200 2314; x_wconf 86' lang='grc' dir='ltr'><strong><em>δοῦλοι</em></strong></span> <span class='ocrx_word' id='word_1_129' title='bbox 1216 2245 1288 2313; x_wconf 84' lang='grc' dir='ltr'><strong><em>τοῦ</em></strong></span> 
     </span>
     <span class='ocr_line' id='line_1_18' title="bbox 233 2351 1287 2459; baseline -0.002 -29"><span class='ocrx_word' id='word_1_130' title='bbox 233 2361 348 2431; x_wconf 84' lang='grc' dir='ltr'><strong><em>θεοῶ.</em></strong></span> <span class='ocrx_word' id='word_1_131' title='bbox 371 2351 483 2432; x_wconf 87' lang='grc' dir='ltr'><strong><em>είδετε</em></strong></span> <span class='ocrx_word' id='word_1_132' title='bbox 508 2353 770 2449; x_wconf 84' lang='grc' dir='ltr'><strong><em>πολλάκις,·καί</em></strong></span> <span class='ocrx_word' id='word_1_133' title='bbox 796 2355 864 2431; x_wconf 80' lang='grc' dir='ltr'><strong><em>οὐκ</em></strong></span> <span class='ocrx_word' id='word_1_134' title='bbox 887 2354 1146 2459; x_wconf 84' lang='grc' dir='ltr'><strong><em>ἐφυλάξασθε·</em></strong></span> <span class='ocrx_word' id='word_1_135' title='bbox 1176 2353 1287 2455; x_wconf 75' lang='grc' dir='ltr'><strong><em>ἠνεῳ-</em></strong></span> 
     </span>
     <span class='ocr_line' id='line_1_19' title="bbox 236 2467 1286 2575; baseline 0 -29"><span class='ocrx_word' id='word_1_136' title='bbox 236 2473 347 2570; x_wconf 83' lang='grc' dir='ltr'><strong><em>γμίνα</em></strong></span> <span class='ocrx_word' id='word_1_137' title='bbox 374 2469 423 2547; x_wconf 84' lang='grc' dir='ltr'><strong><em>τά</em></strong></span> <span class='ocrx_word' id='word_1_138' title='bbox 447 2467 557 2565; x_wconf 87' lang='grc' dir='ltr'><strong><em>ῶτα,-</em></strong></span> <span class='ocrx_word' id='word_1_139' title='bbox 574 2471 635 2547; x_wconf 86' lang='grc' dir='ltr'><strong><em>καί</em></strong></span> <span class='ocrx_word' id='word_1_140' title='bbox 665 2471 733 2564; x_wconf 77' lang='grc' dir='ltr'><strong><em>οὐκ</em></strong></span> <span class='ocrx_word' id='word_1_141' title='bbox 763 2471 967 2574; x_wconf 78' lang='grc' dir='ltr'><strong><em>ἠκούσατε.</em></strong></span> <span class='ocrx_word' id='word_1_142' title='bbox 992 2474 1117 2575; x_wconf 86' lang='grc' dir='ltr'><strong><em>δρᾶτε,</em></strong></span> <span class='ocrx_word' id='word_1_143' title='bbox 1145 2469 1286 2571; x_wconf 91' lang='grc' dir='ltr'><strong><em>ἀγαπη-</em></strong></span> 
     </span>
     <span class='ocr_line' id='line_1_20' title="bbox 232 2583 1288 2692; baseline -0.001 -29"><span class='ocrx_word' id='word_1_144' title='bbox 232 2586 290 2663; x_wconf 89' lang='grc' dir='ltr'><strong><em>τοὶ</em></strong></span> <span class='ocrx_word' id='word_1_145' title='bbox 299 2645 309 2680; x_wconf 92' lang='grc'><strong><em>,</em></strong></span> <span class='ocrx_word' id='word_1_146' title='bbox 337 2583 517 2688; x_wconf 82' lang='grc' dir='ltr'><strong><em>ἀκρίβειαν</em></strong></span> <span class='ocrx_word' id='word_1_147' title='bbox 533 2587 649 2683; x_wconf 91' lang='grc' dir='ltr'><strong><em>λόγων</em></strong></span> <span class='ocrx_word' id='word_1_148' title='bbox 657 2621 669 2682; x_wconf 95' lang='grc'><strong><em>,·</em></strong></span> <span class='ocrx_word' id='word_1_149' title='bbox 686 2587 784 2679; x_wconf 85' lang='grc' dir='ltr'><strong><em>ὅπως</em></strong></span> <span class='ocrx_word' id='word_1_150' title='bbox 801 2586 846 2665; x_wconf 87' lang='grc' dir='ltr'><strong><em>τό</em></strong></span> <span class='ocrx_word' id='word_1_151' title='bbox 866 2585 1167 2692; x_wconf 88' lang='grc' dir='ltr'><strong><em>προθεωρητικδν</em></strong></span> <span class='ocrx_word' id='word_1_152' title='bbox 1182 2595 1288 2664; x_wconf 86' lang='grc' dir='ltr'><strong><em>θεῖον</em></strong></span> 
     </span>
     <span class='ocr_line' id='line_1_21' title="bbox 232 2700 1285 2805; baseline 0.002 -26"><span class='ocrx_word' id='word_1_153' title='bbox 232 2717 374 2802; x_wconf 78' lang='grc' dir='ltr'><strong><em>πνεῦμα</em></strong></span> <span class='ocrx_word' id='word_1_154' title='bbox 407 2700 469 2780; x_wconf 88' lang='grc' dir='ltr'><strong><em>διά</em></strong></span> <span class='ocrx_word' id='word_1_155' title='bbox 507 2710 581 2782; x_wconf 90' lang='grc' dir='ltr'><strong><em>τῶν</em></strong></span> <span class='ocrx_word' id='word_1_156' title='bbox 613 2703 724 2799; x_wconf 80' lang='grc' dir='ltr'><strong><em>ἁγίων</em></strong></span> <span class='ocrx_word' id='word_1_157' title='bbox 754 2705 893 2798; x_wconf 85' lang='grc' dir='ltr'><strong><em>αὐτοῶ,</em></strong></span> <span class='ocrx_word' id='word_1_158' title='bbox 931 2707 980 2796; x_wconf 87' lang='grc' dir='ltr'><strong><em>ῶς</em></strong></span> <span class='ocrx_word' id='word_1_159' title='bbox 1014 2704 1198 2805; x_wconf 89' lang='grc' dir='ltr'><strong><em>παρόντα,</em></strong></span> <span class='ocrx_word' id='word_1_160' title='bbox 1236 2703 1285 2781; x_wconf 85' lang='grc' dir='ltr'><strong><em>τά</em></strong></span> 
     </span>
     <span class='ocr_line' id='line_1_22' title="bbox 233 2813 1286 2926; baseline 0.001 -31"><span class='ocrx_word' id='word_1_161' title='bbox 233 2822 412 2919; x_wconf 88' lang='grc' dir='ltr'><strong><em>μελλοντα</em></strong></span> <span class='ocrx_word' id='word_1_162' title='bbox 435 2819 725 2923; x_wconf 68' lang='grc' dir='ltr'><strong><em>προεκήρυττενς</em></strong></span> <span class='ocrx_word' id='word_1_163' title='bbox 749 2813 846 2898; x_wconf 85' lang='grc' dir='ltr'><strong><em>είδον</em></strong></span> <span class='ocrx_word' id='word_1_164' title='bbox 869 2818 938 2926; x_wconf 89' lang='grc' dir='ltr'><strong><em>γάρ</em></strong></span> <span class='ocrx_word' id='word_1_165' title='bbox 961 2823 996 2896; x_wconf 85' lang='lat' dir='ltr'><strong><em>ol</em></strong></span> <span class='ocrx_word' id='word_1_166' title='bbox 1013 2819 1197 2924; x_wconf 87' lang='grc' dir='ltr'><strong><em>ἀχάριςοι,</em></strong></span> <span class='ocrx_word' id='word_1_167' title='bbox 1225 2820 1286 2896; x_wconf 85' lang='grc' dir='ltr'><strong><em>καί</em></strong></span> 
     </span>
     <span class='ocr_line' id='line_1_23' title="bbox 222 2930 1283 3038; baseline -0.001 -29"><span class='ocrx_word' id='word_1_168' title='bbox 222 2933 479 3038; x_wconf 61' lang='grc' dir='ltr'><strong><em>ιέφηλάφησαν</em></strong></span> <span class='ocrx_word' id='word_1_169' title='bbox 511 2930 574 3009; x_wconf 88' lang='grc' dir='ltr'><strong><em>διά</em></strong></span> <span class='ocrx_word' id='word_1_170' title='bbox 600 2938 674 3009; x_wconf 92' lang='grc' dir='ltr'><strong><em>τῶν</em></strong></span> <span class='ocrx_word' id='word_1_171' title='bbox 706 2933 914 3034; x_wconf 74' lang='grc' dir='ltr'><strong><em>θαυμάτων</em></strong></span> <span class='ocrx_word' id='word_1_172' title='bbox 942 2938 1008 3010; x_wconf 87' lang='grc' dir='ltr'><strong><em>τόν</em></strong></span> <span class='ocrx_word' id='word_1_173' title='bbox 1040 2940 1283 3035; x_wconf 89' lang='grc' dir='ltr'><strong><em>θαυματουρ-</em></strong></span> 
     </span>
     <span class='ocr_line' id='line_1_24' title="bbox 232 3039 1284 3156; baseline 0.001 -32"><span class='ocrx_word' id='word_1_174' title='bbox 232 3049 296 3145; x_wconf 89' lang='grc' dir='ltr'><strong><em>γόν</em></strong></span> <span class='ocrx_word' id='word_1_175' title='bbox 325 3047 433 3143; x_wconf 85' lang='grc' dir='ltr'><strong><em>θεόν,</em></strong></span> <span class='ocrx_word' id='word_1_176' title='bbox 459 3048 520 3126; x_wconf 85' lang='grc' dir='ltr'><strong><em>καί</em></strong></span> <span class='ocrx_word' id='word_1_177' title='bbox 551 3054 602 3156; x_wconf 79' lang='grc' dir='ltr'><strong><em>τῇ</em></strong></span> <span class='ocrx_word' id='word_1_178' title='bbox 624 3045 748 3140; x_wconf 87' lang='grc' dir='ltr'><strong><em>ἀπιςία</em></strong></span> <span class='ocrx_word' id='word_1_179' title='bbox 779 3053 974 3149; x_wconf 77' lang='grc' dir='ltr'><strong><em>ἐνέμειναν·</em></strong></span> <span class='ocrx_word' id='word_1_180' title='bbox 1006 3039 1104 3126; x_wconf 82' lang='grc' dir='ltr'><strong><em>εἶδον</em></strong></span> <span class='ocrx_word' id='word_1_181' title='bbox 1126 3046 1193 3126; x_wconf 89' lang='grc' dir='ltr'><strong><em>τόν</em></strong></span> <span class='ocrx_word' id='word_1_182' title='bbox 1214 3079 1284 3125; x_wconf 88' lang='grc' dir='ltr'><strong><em>τυ-</em></strong></span> 
     </span>
    </p>
   </div>
   <div class='ocr_carea' id='block_1_4' title="bbox 232 3163 1419 3270">
    <p class='ocr_par' dir='ltr' id='par_1_4' title="bbox 232 3163 1419 3270">
     <span class='ocr_line' id='line_1_25' title="bbox 232 3163 1419 3270; baseline 0 -28"><span class='ocrx_word' id='word_1_183' title='bbox 232 3165 323 3269; x_wconf 89' lang='grc' dir='ltr'><strong><em>φλόν</em></strong></span> <span class='ocrx_word' id='word_1_184' title='bbox 340 3173 380 3243; x_wconf 75' lang='grc' dir='ltr'><strong><em>ἐκ</em></strong></span> <span class='ocrx_word' id='word_1_185' title='bbox 404 3171 550 3268; x_wconf 78' lang='grc' dir='ltr'><strong><em>γενετῆς</em></strong></span> <span class='ocrx_word' id='word_1_186' title='bbox 568 3163 634 3242; x_wconf 90' lang='grc' dir='ltr'><strong><em>τδν</em></strong></span> <span class='ocrx_word' id='word_1_187' title='bbox 656 3165 979 3270; x_wconf 81' lang='grc' dir='ltr'><strong><em>φωταγωγήσαντα</em></strong></span> <span class='ocrx_word' id='word_1_188' title='bbox 1002 3163 1129 3268; x_wconf 86' lang='grc' dir='ltr'><strong><em>κόριον</em></strong></span> <span class='ocrx_word' id='word_1_189' title='bbox 1147 3164 1284 3268; x_wconf 87' lang='grc' dir='ltr'><strong><em>κηρότ-</em></strong></span> <span class='ocrx_word' id='word_1_190' title='bbox 1414 3253 1419 3261; x_wconf 29' lang='grc'><strong><em>,</em></strong></span> 
     </span>
    </p>
   </div>
   <div class='ocr_carea' id='block_1_5' title="bbox 141 3273 1285 4545">
    <p class='ocr_par' dir='ltr' id='par_1_5' title="bbox 141 3273 1285 4545">
     <span class='ocr_line' id='line_1_26' title="bbox 230 3273 1284 3390; baseline 0 -34"><span class='ocrx_word' id='word_1_191' title='bbox 230 3309 360 3358; x_wconf 90' lang='grc' dir='ltr'><strong><em>τοντα·</em></strong></span> <span class='ocrx_word' id='word_1_192' title='bbox 391 3273 489 3360; x_wconf 82' lang='grc' dir='ltr'><strong><em>εἶδον</em></strong></span> <span class='ocrx_word' id='word_1_193' title='bbox 524 3281 726 3384; x_wconf 86' lang='grc' dir='ltr'><strong><em>σόγχρονον</em></strong></span> <span class='ocrx_word' id='word_1_194' title='bbox 756 3279 817 3356; x_wconf 87' lang='grc' dir='ltr'><strong><em>καί</em></strong></span> <span class='ocrx_word' id='word_1_195' title='bbox 841 3280 1002 3376; x_wconf 84' lang='grc' dir='ltr'><strong><em>σύζυγον</em></strong></span> <span class='ocrx_word' id='word_1_196' title='bbox 1036 3287 1087 3390; x_wconf 78' lang='grc' dir='ltr'><strong><em>τῇ</em></strong></span> <span class='ocrx_word' id='word_1_197' title='bbox 1109 3283 1284 3383; x_wconf 81' lang='grc' dir='ltr'><strong><em>ἀσθενείᾳ</em></strong></span> 
     </span>
     <span class='ocr_line' id='line_1_27' title="bbox 231 3396 1280 3502; baseline 0 -28"><span class='ocrx_word' id='word_1_198' title='bbox 231 3397 443 3501; x_wconf 87' lang='grc' dir='ltr'><strong><em>παράλυτον</em></strong></span> <span class='ocrx_word' id='word_1_199' title='bbox 471 3396 699 3502; x_wconf 84' lang='grc' dir='ltr'><strong><em>προςάγματι</em></strong></span> <span class='ocrx_word' id='word_1_200' title='bbox 736 3398 1005 3493; x_wconf 82' lang='grc' dir='ltr'><strong><em>διαζευχθέντα</em></strong></span> <span class='ocrx_word' id='word_1_201' title='bbox 1046 3403 1115 3500; x_wconf 76' lang='grc' dir='ltr'><strong><em>τῆς</em></strong></span> <span class='ocrx_word' id='word_1_202' title='bbox 1146 3425 1280 3496; x_wconf 88' lang='grc' dir='ltr'><strong><em>κακου-</em></strong></span> 
     </span>
     <span class='ocr_line' id='line_1_28' title="bbox 231 3511 1283 3617; baseline -0.001 -27"><span class='ocrx_word' id='word_1_203' title='bbox 231 3511 326 3609; x_wconf 86' lang='grc' dir='ltr'><strong><em>χίας·</em></strong></span> <span class='ocrx_word' id='word_1_204' title='bbox 363 3513 569 3591; x_wconf 79' lang='grc' dir='ltr'><strong><em>ἐθεάσαντο</em></strong></span> <span class='ocrx_word' id='word_1_205' title='bbox 598 3513 781 3615; x_wconf 43' lang='grc' dir='ltr'><strong><em>Λάζαρον,</em></strong></span> <span class='ocrx_word' id='word_1_206' title='bbox 799 3513 948 3617; x_wconf 78' lang='grc' dir='ltr'><strong><em>φυγάδα</em></strong></span> <span class='ocrx_word' id='word_1_207' title='bbox 982 3513 1155 3590; x_wconf 89' lang='grc' dir='ltr'><strong><em>θανάτου</em></strong></span> <span class='ocrx_word' id='word_1_208' title='bbox 1184 3543 1283 3608; x_wconf 90' lang='grc' dir='ltr'><strong><em>γεγο-</em></strong></span> 
     </span>
     <span class='ocr_line' id='line_1_29' title="bbox 231 3627 1285 3739; baseline 0.001 -34"><span class='ocrx_word' id='word_1_209' title='bbox 231 3629 338 3707; x_wconf 88' lang='grc' dir='ltr'><strong><em>νότα·</em></strong></span> <span class='ocrx_word' id='word_1_210' title='bbox 378 3627 544 3732; x_wconf 79' lang='grc' dir='ltr'><strong><em>ἤκουσαν</em></strong></span> <span class='ocrx_word' id='word_1_211' title='bbox 578 3629 644 3706; x_wconf 84' lang='grc' dir='ltr'><strong><em>τόν</em></strong></span> <span class='ocrx_word' id='word_1_212' title='bbox 679 3637 718 3706; x_wconf 80' lang='grc' dir='ltr'><strong><em>ἐν</em></strong></span> <span class='ocrx_word' id='word_1_213' title='bbox 752 3629 930 3739; x_wconf 81' lang='grc' dir='ltr'><strong><em>θαλάσση</em></strong></span> <span class='ocrx_word' id='word_1_214' title='bbox 964 3629 1181 3735; x_wconf 88' lang='grc' dir='ltr'><strong><em>περίπατον,</em></strong></span> <span class='ocrx_word' id='word_1_215' title='bbox 1214 3628 1285 3732; x_wconf 79' lang='grc' dir='ltr'><strong><em>τὴν</em></strong></span> 
     </span>
     <span class='ocr_line' id='line_1_30' title="bbox 232 3743 1284 3850; baseline -0.002 -28"><span class='ocrx_word' id='word_1_216' title='bbox 232 3745 460 3850; x_wconf 89' lang='grc' dir='ltr'><strong><em>ἀγεῶργητον</em></strong></span> <span class='ocrx_word' id='word_1_217' title='bbox 489 3743 709 3839; x_wconf 81' lang='grc' dir='ltr'><strong><em>οἰνοδοσίαν,</em></strong></span> <span class='ocrx_word' id='word_1_218' title='bbox 734 3743 806 3849; x_wconf 81' lang='grc' dir='ltr'><strong><em>τὴν</em></strong></span> <span class='ocrx_word' id='word_1_219' title='bbox 835 3744 1006 3847; x_wconf 84' lang='grc' dir='ltr'><strong><em>ἀμοχθον</em></strong></span> <span class='ocrx_word' id='word_1_220' title='bbox 1025 3743 1284 3850; x_wconf 83' lang='grc' dir='ltr'><strong><em>ἀρτοτροφίαν,</em></strong></span> 
     </span>
     <span class='ocr_line' id='line_1_31' title="bbox 141 3849 1285 3972; baseline -0.002 -34"><span class='ocrx_word' id='word_1_221' title='bbox 141 3957 148 3972; x_wconf 27' lang='grc' dir='ltr'>ι</span> <span class='ocrx_word' id='word_1_222' title='bbox 229 3861 301 3964; x_wconf 74' lang='grc' dir='ltr'><strong><em>τὴν</em></strong></span> <span class='ocrx_word' id='word_1_223' title='bbox 325 3869 399 3940; x_wconf 89' lang='grc' dir='ltr'><strong><em>τῶν</em></strong></span> <span class='ocrx_word' id='word_1_224' title='bbox 421 3862 602 3963; x_wconf 89' lang='grc' dir='ltr'><strong><em>δαιμόνων</em></strong></span> <span class='ocrx_word' id='word_1_225' title='bbox 635 3849 849 3957; x_wconf 77' lang='grc' dir='ltr'><strong><em>ἀπελασίαν,</em></strong></span> <span class='ocrx_word' id='word_1_226' title='bbox 879 3861 949 3966; x_wconf 79' lang='grc' dir='ltr'><strong><em>τὴν</em></strong></span> <span class='ocrx_word' id='word_1_227' title='bbox 977 3868 1051 3939; x_wconf 90' lang='grc' dir='ltr'><strong><em>τῶν</em></strong></span> <span class='ocrx_word' id='word_1_228' title='bbox 1075 3861 1285 3963; x_wconf 89' lang='grc' dir='ltr'><strong><em>καμνόντων</em></strong></span> 
     </span>
     <span class='ocr_line' id='line_1_32' title="bbox 230 3976 1283 4081; baseline 0 -27"><span class='ocrx_word' id='word_1_229' title='bbox 230 3979 419 4081; x_wconf 80' lang='grc' dir='ltr'><strong><em>εὐρωςίαν.</em></strong></span> <span class='ocrx_word' id='word_1_230' title='bbox 450 3983 490 4054; x_wconf 89' lang='grc' dir='ltr'><strong><em>αί</em></strong></span> <span class='ocrx_word' id='word_1_231' title='bbox 511 3983 677 4056; x_wconf 87' lang='grc' dir='ltr'><strong><em>πλατεῖαι</em></strong></span> <span class='ocrx_word' id='word_1_232' title='bbox 699 3981 822 4056; x_wconf 81' lang='grc' dir='ltr'><strong><em>αὐτῶν</em></strong></span> <span class='ocrx_word' id='word_1_233' title='bbox 847 3977 915 4070; x_wconf 89' lang='grc' dir='ltr'><strong><em>τάς</em></strong></span> <span class='ocrx_word' id='word_1_234' title='bbox 934 3978 1107 4078; x_wconf 88' lang='grc' dir='ltr'><strong><em>δυνάμεις</em></strong></span> <span class='ocrx_word' id='word_1_235' title='bbox 1129 3976 1283 4080; x_wconf 76' lang='grc' dir='ltr'><strong><em>ἐκήρυτ·</em></strong></span> 
     </span>
     <span class='ocr_line' id='line_1_33' title="bbox 231 4091 1283 4194; baseline -0.004 -22"><span class='ocrx_word' id='word_1_236' title='bbox 231 4124 313 4188; x_wconf 91' lang='grc' dir='ltr'><strong><em>τον,</em></strong></span> <span class='ocrx_word' id='word_1_237' title='bbox 344 4100 383 4171; x_wconf 80' lang='grc' dir='ltr'><strong><em>αἱ</em></strong></span> <span class='ocrx_word' id='word_1_238' title='bbox 408 4093 488 4172; x_wconf 81' lang='grc' dir='ltr'><strong><em>ὁδοί</em></strong></span> <span class='ocrx_word' id='word_1_239' title='bbox 508 4091 631 4171; x_wconf 81' lang='grc' dir='ltr'><strong><em>αὐτῶν</em></strong></span> <span class='ocrx_word' id='word_1_240' title='bbox 655 4091 724 4186; x_wconf 79' lang='grc' dir='ltr'><strong><em>τάς</em></strong></span> <span class='ocrx_word' id='word_1_241' title='bbox 748 4093 861 4186; x_wconf 80' lang='grc' dir='ltr'><strong><em>ἰάσεις</em></strong></span> <span class='ocrx_word' id='word_1_242' title='bbox 887 4106 964 4185; x_wconf 85' lang='grc' dir='ltr'><strong><em>τοῖς</em></strong></span> <span class='ocrx_word' id='word_1_243' title='bbox 992 4093 1198 4194; x_wconf 83' lang='grc' dir='ltr'><strong><em>ὁδοιπόροις</em></strong></span> <span class='ocrx_word' id='word_1_244' title='bbox 1221 4107 1283 4168; x_wconf 57' lang='grc' dir='ltr'><strong><em>καὲ</em></strong></span> 
     </span>
     <span class='ocr_line' id='line_1_34' title="bbox 229 4209 1283 4314; baseline -0.004 -27"><span class='ocrx_word' id='word_1_245' title='bbox 229 4211 433 4313; x_wconf 79' lang='grc' dir='ltr'><strong><em>τήγγειλον·</em></strong></span> <span class='ocrx_word' id='word_1_246' title='bbox 473 4210 576 4288; x_wconf 83' lang='grc' dir='ltr'><strong><em>πᾶσα</em></strong></span> <span class='ocrx_word' id='word_1_247' title='bbox 610 4213 635 4313; x_wconf 74' lang='grc' dir='ltr'>ἡ</span> <span class='ocrx_word' id='word_1_248' title='bbox 666 4209 825 4288; x_wconf 86' lang='grc' dir='ltr'><strong><em>Ἰουδαία</em></strong></span> <span class='ocrx_word' id='word_1_249' title='bbox 856 4210 1058 4314; x_wconf 79' lang='grc' dir='ltr'><strong><em>ἐπληρώθη</em></strong></span> <span class='ocrx_word' id='word_1_250' title='bbox 1086 4214 1160 4286; x_wconf 91' lang='grc' dir='ltr'><strong><em>τῶν</em></strong></span> <span class='ocrx_word' id='word_1_251' title='bbox 1184 4209 1283 4310; x_wconf 82' lang='grc' dir='ltr'><strong><em>εὐερ-</em></strong></span> 
     </span>
     <span class='ocr_line' id='line_1_35' title="bbox 229 4321 1281 4421; baseline -0.001 -19"><span class='ocrx_word' id='word_1_252' title='bbox 229 4332 376 4421; x_wconf 89' lang='grc' dir='ltr'><strong><em>γεσιῶν,</em></strong></span> <span class='ocrx_word' id='word_1_253' title='bbox 407 4324 468 4402; x_wconf 84' lang='grc' dir='ltr'><strong><em>καὶ</em></strong></span> <span class='ocrx_word' id='word_1_254' title='bbox 497 4332 565 4403; x_wconf 86' lang='grc' dir='ltr'><strong><em>νῶν</em></strong></span> <span class='ocrx_word' id='word_1_255' title='bbox 598 4326 871 4420; x_wconf 87' lang='grc' dir='ltr'><strong><em>πυνθάνονται,</em></strong></span> <span class='ocrx_word' id='word_1_256' title='bbox 904 4324 960 4416; x_wconf 89' lang='grc' dir='ltr'><strong><em>τίς</em></strong></span> <span class='ocrx_word' id='word_1_257' title='bbox 991 4333 1063 4417; x_wconf 84' lang='grc' dir='ltr'><strong><em>ἐςιν</em></strong></span> <span class='ocrx_word' id='word_1_258' title='bbox 1096 4321 1281 4421; x_wconf 67' lang='grc' dir='ltr'><strong><em>οὗτοςςῶ</em></strong></span> 
     </span>
     <span class='ocr_line' id='line_1_36' title="bbox 229 4436 1284 4545; baseline -0.002 -26"><span class='ocrx_word' id='word_1_259' title='bbox 229 4449 298 4545; x_wconf 75' lang='grc' dir='ltr'><strong><em>’τῆς</em></strong></span> <span class='ocrx_word' id='word_1_260' title='bbox 330 4439 455 4532; x_wconf 81' lang='grc' dir='ltr'><strong><em>ἀνοίας</em></strong></span> <span class='ocrx_word' id='word_1_261' title='bbox 483 4447 556 4518; x_wconf 89' lang='grc' dir='ltr'><strong><em>τῶν</em></strong></span> <span class='ocrx_word' id='word_1_262' title='bbox 588 4441 839 4544; x_wconf 85' lang='grc' dir='ltr'><strong><em>φευδωνόμων</em></strong></span> <span class='ocrx_word' id='word_1_263' title='bbox 873 4442 1120 4535; x_wconf 89' lang='grc' dir='ltr'><strong><em>διδασκάλων,</em></strong></span> <span class='ocrx_word' id='word_1_264' title='bbox 1154 4436 1182 4516; x_wconf 88' lang='grc' dir='ltr'><strong><em>ῶ</em></strong></span> <span class='ocrx_word' id='word_1_265' title='bbox 1210 4448 1284 4518; x_wconf 92' lang='grc' dir='ltr'><strong><em>τῶν</em></strong></span> 
     </span>
    </p>
   </div>
   <div class='ocr_carea' id='block_1_6' title="bbox 229 4552 1283 4670">
    <p class='ocr_par' dir='ltr' id='par_1_6' title="bbox 229 4552 1283 4670">
     <span class='ocr_line' id='line_1_37' title="bbox 229 4552 1283 4670; baseline -0.003 -36"><span class='ocrx_word' id='word_1_266' title='bbox 229 4559 415 4670; x_wconf 86' lang='grc' dir='ltr'><strong><em>ἀπειθῶν,</em></strong></span> <span class='ocrx_word' id='word_1_267' title='bbox 440 4553 468 4634; x_wconf 88' lang='grc' dir='ltr'><strong><em>ῶ</em></strong></span> <span class='ocrx_word' id='word_1_268' title='bbox 496 4563 569 4635; x_wconf 92' lang='grc' dir='ltr'><strong><em>τῶν</em></strong></span> <span class='ocrx_word' id='word_1_269' title='bbox 600 4558 768 4662; x_wconf 89' lang='grc' dir='ltr'><strong><em>ἀφρόνων</em></strong></span> <span class='ocrx_word' id='word_1_270' title='bbox 789 4561 1060 4662; x_wconf 79' lang='grc' dir='ltr'><strong><em>πρεσβυτέρων,</em></strong></span> <span class='ocrx_word' id='word_1_271' title='bbox 1086 4552 1114 4662; x_wconf 80' lang='grc' dir='ltr'><strong><em>ῶ</em></strong></span> <span class='ocrx_word' id='word_1_272' title='bbox 1140 4562 1283 4656; x_wconf 83' lang='grc' dir='ltr'><strong><em>σπέρμα</em></strong></span> 
     </span>
    </p>
   </div>
   <div class='ocr_carea' id='block_1_7' title="bbox 0 0 1682 5124">
    <p class='ocr_par' dir='ltr' id='par_1_7' title="bbox 0 0 1682 5124">
     <span class='ocr_line' id='line_1_38' title="bbox 0 0 1682 5124; baseline 0 2"><span class='ocrx_word' id='word_1_273' title='bbox 0 0 1682 5124; x_wconf 95' lang='lat' dir='ltr'><strong><em> </em></strong></span> 
     </span>
    </p>
   </div>
  </div>
 </body>
</html>
