3354 5124
686 345 845 453 ..¹³1-

211 488 437 564 celebratum
467 517 541 576 non
565 491 704 566 edoctis
728 493 870 592 linguis.

210 607 431 682 Scrutamini
454 611 674 708 scripturas,
697 625 741 683 ut
764 611 916 684 audistis

208 749 230 796 a
254 723 420 813 domino,
446 727 531 828 quia
554 727 657 826 ipsae
682 742 769 800 sunt
791 728 990 826 testifican-

209 853 265 914 tes
290 839 439 930 duilio,
465 858 503 916 et
530 867 605 916 non
630 842 769 933 dicere,
794 843 972 941 ignoratis
1002 847 1231 922 miraculum.

207 951 340 1053 Audite
364 957 462 1046 duri,
489 958 578 1058 quid
602 959 710 1032 vobis
733 963 912 1032 annunci-
1245 967 1312 1038 185

209 1089 246 1145 et
269 1075 459 1148 Zacharias
483 1074 685 1174 propheta3
710 1075 760 1148 ait
786 1077 899 1166 enim,
924 1101 1014 1176 gau-

207 1187 253 1261 de
280 1188 457 1279 multum,
482 1192 555 1264 filia
580 1191 684 1264 Sion:
711 1215 797 1264 ecce
822 1217 887 1265 rex

128 1302 131 1312 ’
207 1317 292 1375 tuus
320 1305 419 1378 venit
440 1305 507 1379 tibi
526 1305 650 1405 justus
676 1321 715 1379 et
738 1305 901 1380 insidens

206 1447 320 1519 super
352 1421 496 1521 pullum
515 1437 696 1498 tenerum.
724 1423 802 1496 Cur
831 1423 1006 1521 gaudium
1029 1451 1049 1497 a
1076 1425 1180 1499 vobis

205 1538 394 1612 excutitis?
426 1562 492 1611 cur
514 1539 590 1612 sole
612 1538 779 1636 fulgente
1062 1532 1066 1544 ’
1242 1543 1311 1616 190

206 1651 374 1726 tenebras
385 1652 562 1752 diligitis?
577 1681 644 1728 cur
654 1668 784 1736 contra
796 1655 1115 1754 inexpugnabilem
1132 1684 1264 1756 pacem·

203 1767 360 1840 incitatis
381 1768 546 1843 belluml
571 1771 610 1844 Si
634 1771 759 1871 itaque
784 1772 869 1844 estis
895 1771 960 1844 lilii
985 1773 1041 1844 Si-

204 1911 270 1974 on,
296 1884 566 1984 choreas-agite
592 1913 677 1960 cum
698 1887 781 1960 filiis
805 1889 953 1962 vestris:
979 1888 1101 1987 gaudii

204 2000 344 2073 occasio
370 2002 417 2074 sit
440 2001 544 2075 vohis
568 2001 728 2074 liliorum
753 2017 961 2076 vestrorum
983 2005 1063 2102 pie·

204 2115 268 2188 ta's.
291 2116 428 2190 Discite
453 2118 498 2191 ab
523 2118 612 2208 illis,
637 2118 719 2219 quis
1108 2182 1110 2190 ,
1241 2125 1315 2198 195·

203 2229 359 2322 docens,
385 2235 466 2332 quis
491 2235 684 2333 colligens:
708 2260 780 2306 un·

203 2345 249 2420 de
274 2345 457 2440 doctrina,
482 2375 577 2450 quae
601 2377 696 2423 nova
720 2349 923 2447 theologia,

203 2480 369 2540 etvetus
393 2466 605 2565 praedictio.
629 2467 668 2539 Si
692 2493 781 2540 vcro
805 2467 925 2556 homi·

201 2607 292 2655 num
317 2581 439 2655 nullus
465 2583 652 2686 quidpiam
677 2609 808 2657 eorum
834 2573 979 2674 docuit,

112 2719 118 2730 ’
201 2698 267 2771 sed
294 2714 427 2797 sponte
451 2725 518 2772 sua
535 2699 682 2774 laudem
724 2707 878 2789 cammt,
903 2699 1088 2799 agnoscite
1113 2701 1187 2774 De·
1235 2702 1308 2775 200

201 2814 213 2885 i
238 2839 354 2912 opus,
378 2829 421 2886 ut
444 2814 483 2886 in
505 2815 586 2914 lege
612 2816 791 2916 scriptum
816 2830 891 2889 est:

197 2931 256 3002 Ex
280 2956 344 3002 ore
368 2929 566 3002 infantium
590 2945 628 3026 et
650 2930 863 3004 lactentium

200 3047 390 3146 perfecisti
416 3047 608 3120 canticum.
627 3033 826 3150 Ilpplicate
850 3073 939 3145 ergo

201 3163 390 3262 gaudium,
416 3164 502 3263 quia
526 3163 653 3236 talium
678 3163 838 3238 liliorum
862 3163 950 3236 facti
974 3164 1061 3238 estis
1087 3163 1155 3238 lili-

201 3281 231 3368 i,
258 3281 340 3378 qui‚
364 3279 464 3380 quod
489 3281 638 3352 etiama
663 3281 809 3352 senibus
833 3279 1087 3377 ignorabatur,
1126 3315 1128 3320 s
1235 3280 1308 3354 205

204 3422 225 3469 a
248 3397 328 3468 Deo
353 3394 453 3470 docti
477 3395 723 3472 celebrarunt.
749 3397 943 3470 Converti·
1023 3410 1026 3418 “

203 3527 240 3584 tc
255 3512 378 3586 'corda
400 3527 523 3586 vestra
547 3511 596 3585 ed
620 3509 715 3585 filios
738 3527 899 3601 vestros,
925 3527 963 3584 et
987 3538 1035 3586 ne

203 3629 378 3702 claudatis
404 3628 529 3703 oculos
553 3643 697 3701 vestros
722 3627 769 3701 ad
791 3627 995 3703 veritatem.

203 3746 241 3817 Si
263 3769 353 3818 vero
377 3745 489 3818 iidem
515 3745 622 3835 estis,
649 3759 692 3816 ut
716 3769 839 3844 neque
863 3745 1052 3821 audientes

203 3859 375 3950 audiatis,
398 3887 519 3962 neque
544 3860 712 3934 videntes
737 3860 907 3950 videatis,
934 3877 972 3936 et
1234 3861 1306 3936 210

205 3976 342 4050 frustra
368 3978 584 4050 irascamini·
597 3974 819 4066 infantibus,

143 4163 146 4170 A
204 4091 243 4164 hi
267 4093 370 4167 vobis
390 4093 535 4192 judices
561 4107 670 4166 erunt
693 4092 896 4166 secundum
925 4092 1120 4166 servatoris
1144 4093 1200 4166 di-

205 4225 317 4282 ctum.
340 4212 440 4282 Rene
465 4226 503 4282 et
527 4207 573 4281 de
598 4209 654 4282 bis
680 4234 765 4281 cum
789 4209 866 4282 aliis
890 4235 998 4308 prae·

147 4405 152 4410 ,
206 4325 295 4399 dixit
320 4325 366 4399 de
390 4327 493 4400 vobis
517 4325 701 4425 propbeta
724 4325 832 4398 isaias
858 4324 999 4400 dicens:

202 4444 286 4516 Non
310 4469 408 4517 nunc
431 4443 575 4542 pudore
599 4441 781 4514 afficietur
805 4441 933 4530 Jacob,
958 4467 1077 4542 neque
1236 4442 1307 4519 215

203 4581 303 4656 nunc
329 4560 607 4633 vultumsuum
633 4555 809 4647 mutabit,
830 4557 901 4633 «sed
924 4556 1071 4654 quando
1097 4557 1199 4643 vide—
