3354 5124
819 359 857 372 ..
878 323 921 392 ρρ
944 359 981 374 ..

376 469 538 574 θρώπων
561 477 601 548 ἐκ
623 467 741 573 χειρός
774 472 994 572 ςερεωτέρων
1017 470 1155 562 αὐτοῦ,
1189 471 1248 548 καί
1278 469 1425 570 πτωχόν

372 589 434 666 καί
454 570 594 688 πένητα
617 584 690 662 ἀπό
720 592 795 664 τών
822 585 1097 688 διαρπαζόντων
1132 586 1255 663 αὐτόν.
1290 589 1421 664 ,Εὐλο-

371 709 525 811 γημένος
541 706 562 778 ό
577 701 768 804 ἐρχόμενος
782 709 820 777 ἐν
837 703 988 803 ὀνόματι
1001 699 1147 804 κυρίου,
1171 706 1308 800 ἐπιχέαι
1326 697 1425 780 οἰνον

372 821 433 900 καί
465 822 585 898 ἔλαιον
610 817 670 894 ἰπί
703 815 774 894 τόνΙ
798 818 1002 919 ἐμπεσόντα
1025 823 1076 908 εἰς
1103 816 1193 910 τοιίς
1209 818 1337 928 ληςάς,
1363 818 1423 896 καί

370 936 660 1040 παρεωραμένον·
684 933 927 1037 εὐλογημένος
948 937 969 1012 ό
992 933 1183 1040 ἐρχόμενος
1212 943 1250 1029 ἐν
1272 934 1441 1035 ὀνόματι·

369 1053 517 1159 κυρίου,
543 1059 659 1130 σώσαι
674 1053 773 1154 ἡμᾶς
793 1051 840 1128 δι’
860 1056 999 1128 ἑαυτοῦ
1003 1107 1015 1144 ,
1040 1049 1089 1141 ώς
1111 1053 1259 1154 φησινὸ
1278 1050 1421 1154 προφη·

368 1199 454 1276 της·
479 1172 525 1246 οά
539 1171 716 1274 πρέσβυς,
741 1167 829 1244 οάδέ
849 1164 1012 1261 ἄγγελος,
1033 1167 1109 1242 ἀλλ’
1126 1163 1242 1255 αὐτὸς
1259 1169 1278 1242 ό
1297 1165 1423 1267 κύριος

369 1290 505 1382 ἔσωσενΙ
521 1284 678 1375 αὐτούς·
704 1281 766 1360 θεοί
784 1289 898 1360 τοῦτο
917 1281 976 1360 καί
999 1287 1103 1386 ἡμεῖς
1127 1282 1346 1380 εὐλογοῦμέν
1362 1307 1421 1375 σε,

368 1403 488 1506 κύριε,
511 1400 577 1480 τόν
594 1399 666 1478 σόν
682 1388 794 1501 πατρί
814 1398 874 1476 καί
895 1397 983 1498 ἀχίιρ
997 1398 1176 1498 πνεύματι
1198 1395 1269 1498 πρό
1284 1397 1422 1474 αἰώνων

368 1519 429 1598 καί
464 1521 515 1610 εἰς
561 1521 693 1607 αἰώνας
748 1515 887 1592 αἰώνων
922 1516 1189 1616 Ιεὐλογημένον·
1239 1514 1310 1618 πρό
1354 1516 1421 1614 μέν

366 1642 440 1714 τοῖν
462 1632 599 1710 αἰώνων
629 1631 691 1708 καὶ
715 1631 818 1733 μεχρί
844 1637 914 1734 τῆς
933 1634 1043 1733 δεῦρο
1061 1630 1281 1732 ἀσωμάτως·
1303 1627 1419 1708 τανιίν

366 1753 426 1843 δέ,
448 1747 508 1826 καὶ
524 1752 574 1837 εἰς
591 1751 726 1836 αἰώνας
741 1744 833 1846 μετὰ
859 1750 930 1848 τῆς
946 1742 1053 1836 θείας
1070 1743 1131 1820 καί
1155 1744 1326 1849 ἀμερίζου
1349 1773 1420 1822 σου

367 1866 598 1969 σαρκώσεως·
617 1863 750 1962 ἴδωμεν
766 1860 827 1938 καί
843 1860 891 1936 τὰ
913 1865 1004 1962 ἑξῆς·
1022 1860 1059 1938 τί
1074 1864 1199 1956 λέχειό
1223 1860 1419 1952 θειότατος

366 1979 610 2083 εὐαγγελιςής,·
632 1977 866 2067 εἰσελθόντος
881 1975 968 2076 χάρ,
999 2003 1107 2080 φησι,
1132 1985 1203 2055 τοῦ
1227 1974 1356 2081 κυρίου
1368 1981 1419 2067 εἰς

365 2097 411 2178 τό
427 2099 538 2195 ίερὸν,
571 2082 790 2198 προσῆλθον
807 2095 911 2194 αάτρῖ
928 2093 1061 2196 τυφλοὶ
1079 2093 1139 2172 καί
1148 2094 1276 2190 χωλοὶ,
1300 2091 1360 2170 καί
1380 2099 1417 2170 ἀ·

367 2214 596 2318 θεράπευσεν
618 2210 777 2300 αὐτούς·
801 2209 940 2302 ἰδόντες
964 2211 1004 2286 ἀί
1038 2213 1072 2286 σί
1095 2211 1268 2314 ἀρχιερεῖς
1292 2209 1353 2288 καί
1384 2211 1419 2284 οἰ

368 2339 551 2432 φαρισαῖω
575 2325 632 2404 ’τά
649 2319 870 2426 θαύματαά
902 2323 1069 2428 ἐποίησε,
1101 2325 1161 2402 καί
1182 2323 1273 2416 ,τούς
1286 2330 1422 2416 παῖδας
1472 2397 1474 2402 .

352 2445 566 2549 ,κράζοντας
581 2442 641 2520 καί
658 2444 850 2536 λέγοντας,
876 2440 1020 2539 ώσαννά
1036 2448 1090 2518 τώ
1107 2447 1176 2542 υίηῖ
1196 2439 1335 2533 Δαυίἀ,
1359 2442 1420 2517 εό-

366 2560 564 2660 λοχημένος
582 2561 602 2632 ὁ
620 2556 810 2660 ἐρχόμενος
825 2563 864 2632 ἐν
881 2556 1031 2656 ὀνόματι
1050 2554 1198 2660 κυρίου,
1229 2558 1297 2634 οὐκ
1315 2549 1419 2660 ἠνεχ-

366 2703 435 2752 καν
451 2671 676 2776 τὴντοότου
697 2672 821 2774 τιμήν·
848 2671 939 2748 ὅθεν
959 2672 1231 2771 προσελθόντες
1247 2673 1352 2774 αάτηῖ
1368 2667 1419 2750 εί-

366 2819 454 2869 πον·
480 2789 547 2864 οὐκ
565 2787 709 2876 ἀκούεις
729 2785 765 2864 τί
784 2783 887 2864 οὗτοι
910 2789 1095 2882 λέχουσιν,·
1118 2789 1165 2864 οὐ
1191 2789 1331 2899 βαρόνη
1356 2793 1420 2868 ἀο-

367 2905 616 3004 ξαζόμενοςώς
636 2902 748 2996 θεός,·
773 2903 839 2978 οὐκ
865 2899 970 3011 ἀχθη
988 2903 1134 2980 ἀκούων
1156 2903 1255 3006 παρὰ
1280 2911 1354 2982 τοῖν
1376 2905 1417 2981 ἀ-

367 3018 488 3099 κάκων
504 3016 552 3094 τὰ
569 3022 623 3117 τώ
637 3023 717 3117 θεῷ
732 3016 792 3092 καί
808 3017 906 3116 μόνῳ
923 3020 1127 3120 πρέποντας
1151 3021 1197 3096 οὐ
1222 3020 1335 3098 πάλαι
1358 3026 1416 3098 δε-

368 3133 530 3234 δήλωκεν
549 3136 569 3208 ὁ
585 3131 676 3222 θείς
695 3130 757 3209 ἀιά
777 3139 848 3209 τοῦ
868 3130 1082 3236 προηότου,
1115 3133 1185 3238 τὴν
1209 3136 1320 3228 δόξαν
1342 3167 1417 3238 μου

317 3331 324 3346 ¹
369 3249 477 3350 ἑτέρῳ
500 3247 545 3322 οὐ
563 3247 690 3341 δώσω·
714 3247 793 3341 καί,
817 3254 894 3340 παῖς
921 3247 970 3326 σύ
999 3247 1199 3354 ἄνθρωπος
1230 3235 1277 3328 σίν
1303 3264 1416 3342 ποιεῖς

368 3359 525 3440 σεαυτόν
541 3363 651 3455 θεῖος
675 3360 766 3438 ἀλλά
791 3359 827 3438 τί
856 3361 948 3464 πρός
964 3371 1085 3440 ταῦτα
1110 3364 1415 3468 όμακρόθυμος,
1479 3420 1504 3443 s-

367 3481 388 3552 ὁ
404 3475 521 3568 πολός
534 3485 573 3554 ἐν
594 3481 701 3571 ἐλέει,
726 3479 786 3556 καί
802 3478 941 3577 βραδύς
956 3486 1006 3570 εἰς
1022 3479 1135 3582 ὀργήν
1141 3511 1155 3577 ,·
1170 3480 1333 3578 ἀνέχεται
1342 3487 1416 3556 τοῖν

366 3592 596 3700 μεμηνότων,
607 3649 609 3656 -
620 3593 984 3696 ἀναςελλειάπολοχίρ
998 3594 1068 3698 τὴν
1084 3593 1302 3699 φλεγμονάν,
1320 3598 1415 3672 ἀνθ-

365 3697 590 3812 υπομνησκει
606 3710 763 3815 χραφάς,
786 3708 958 3816 προφίρω
976 3709 1179 3814 μαρτυρίας
1195 3717 1268 3790 τοῖν
1284 3717 1410 3800 τελου-

241 3903 243 3908 ,
364 3825 566 3925 μίνων,’καί
584 3829 652 3904 οὐκ
673 3826 904 3905 ἀπαναίνεται
919 3827 1011 3927 πρός
1030 3826 1099 3930 την
1112 3835 1258 3904 πεῦσιν·
1275 3826 1333 3906 ἀιό
1351 3826 1414 3906 καί

366 3969 493 4045 φησιν·
526 3943 704 4021 οὐδέποτε
725 3943 784 4020 καί
811 3947 913 4044 ἡμεῖς
934 3943 1121 4047 ἠκούσατέ
1141 3975 1215 4044 μου
1254 3943 1316 4022 διὰ
1342 3951 1414 4022 τοῦ

364 4057 559 4162 προφήτου
588 4063 773 4153 λέγοντας,
804 4059 889 4136 τότε
905 4060 1093 4154 γνώσεσθε
1116 4059 1173 4136 ότι
1207 4058 1320 4152 αάτός
1344 4061 1412 4156 ἀχώ

365 4179 384 4248 ὁ
406 4179 526 4250 λαλεῖν
546 4173 706 4276 πόρευμα
724 4175 802 4250 οὐδ’
822 4171 870 4252 αά
891 4175 1016 4270 πόλιν,
1041 4184 1079 4254 ἐκ
1098 4176 1254 4276 ςόματος
1274 4174 1410 4279 νηπίων

361 4289 422 4366 καί
447 4290 686 4391 θηλαζόντων
706 4289 913 4394 κατηρτίσω
929 4283 1029 4368 αἰνον
1045 4296 1152 4388 ἕνεκαΙ
1173 4299 1247 4368 τών
1262 4299 1411 4392 ἐχθροῖν

363 4409 766 4482 σου,’τοῠ’καταλῦσαι
785 4404 923 4506 ἐχθρόν
945 4407 1005 4482 καὶ
1034 4408 1246 4510 ἐκόνκητήν,·
1280 4406 1408 4498 οίτινές
1519 4459 1525 4470 ·

362 4524 451 4594 εἰσιν
463 4522 580 4618 ὑμεῖς,
601 4525 635 4594 οί
653 4520 750 4618 νόμῳ
766 4524 1020 4623 προσέχοντες,
1040 4523 1098 4598 καί
1112 4524 1305 4627 προφήτας
1323 4525 1407 4600 ἀνα·
