3354 5124
699 307 859 388 τόθ’·

254 452 490 548 γινώσκοντες
500 451 591 550 κρμέ
605 449 670 528 τόν
678 458 717 527 ἐν
726 452 823 552 νόμῳ
838 452 1107 554 κηρυττόμενον
1122 453 1305 530 ἀθετοῦν-

255 596 336 660 τες·
354 572 492 645 δοκεῖτε
506 567 573 668 μ’ἐν
586 565 654 670 γάρ
670 575 709 644 ἐν
721 569 955 673 προσχήματι
978 567 1159 662 εὐσεβείας
1176 571 1306 645 (λευκόι-

254 693 331 762 κεῖν
346 681 417 784 τήν
427 688 498 760 τοῦ
513 689 610 758 θεοῦ
624 682 749 776 δόξαν,
762 681 816 786 μή
831 685 1029 777 συνιέντες,
1062 684 1186 788 ὅτιπερ
1204 687 1224 760 ό
1247 685 1309 786 ἐμὲ

256 801 426 892 ἀθετῦν,
450 797 595 876 καὶτὸν
616 801 756 895 πατέρα
779 801 909 876 ἀθετεῖ
913 857 924 894 ,
948 801 1016 895 ἐγοί
1033 798 1101 902 γάρ
1117 798 1217 903 παρά
1240 805 1312 878 τοῦ

259 921 357 992 θεοῦ
371 917 530 1018 ἐξῆλθον
541 915 602 992 καί
614 914 785 1017 ἐλήλυθα
798 920 848 1006 εἰς
864 914 930 992 τόν
946 911 1102 1016 κόσμον·
1125 915 1221 1020 καλή
1240 911 1310 1018 ἐμή

258 1031 366 1125 δόξα,
396 1030 456 1108 καὶ
478 1038 550 1108 τοῦ
569 1031 708 1135 πατρός
724 1062 798 1131 μου
819 1039 871 1122 ἐςι
891 1031 997 1122 όόξα·
1015 1035 1248 1129 ἐλεγχθέντες
1269 1033 1311 1108 δέ

259 1147 380 1240 οὕτως
391 1151 425 1222 οί
439 1147 589 1252 ἀνόητοι
601 1138 674 1224 ῦπό
690 1152 761 1224 τοῦ
772 1155 937 1251 σωτήρος
955 1151 1057 1252 ήμῦν
1071 1153 1183 1241 θεοῦ,
1198 1146 1311 1223 ἐπαῦ-

261 1263 459 1363 συντομία
481 1259 788 1365 τήςάντιλογίας,
814 1265 1042 1366 φιμωθέντες
1060 1269 1113 1372 τῇ
1135 1260 1311 1366 ἀληθείᾳ·

261 1381 386 1480 ἕτερον
400 1379 442 1455 όέ
459 1377 744 1478 ἐπισπασάμενοι
753 1376 878 1468 ἀνοίας
893 1377 1309 1480 λογοσμόν,συμβοῦλιον

262 1495 343 1574 κατ’
368 1495 490 1572 αῦτοῦ
508 1500 720 1587 ἐποιοῦντο,
745 1498 846 1597 ήμεῖς
867 1495 908 1572 δὲ
928 1492 1137 1598 ριόλλωμεν,
1160 1501 1272 1596 μέγας
1293 1499 1313 1572 ό

263 1610 389 1712 κῦριος
412 1613 532 1714 ήμῦν,
565 1608 627 1686 καὶ
647 1608 785 1712 μεγάλη
815 1613 840 1713 ή
867 1607 974 1706 ἰσχῦς
994 1612 1133 1705 αὐτοῦ,
1158 1611 1218 1688 καί
1244 1618 1314 1702 τῦς

262 1729 442 1818 συνέσεως
464 1725 586 1802 αὐτοῦ
606 1731 674 1802 οῦκ
698 1727 770 1818 ἔςιν
793 1725 972 1829 ἀριθμός·
986 1732 1119 1804 ’ταῦτα
1140 1723 1208 1830 γὰρ
1225 1725 1314 1802 ποίν-

260 1857 315 1922 τα
336 1845 491 1938 γέγονεν,
521 1839 617 1916 ίναό
642 1838 751 1942 αἴρων
779 1839 849 1944 τήν
875 1839 1055 1942 ἁμαρτίαν
1076 1848 1148 1918 τοῦ
1173 1841 1315 1942 κόσμου

263 1955 375 2058 ἀμνὸς
392 1956 453 2034 καὶ
468 1953 548 2046 υἱός
563 1960 634 2032 τοῦ
651 1961 764 2048 θεοῦ,
788 1953 961 2046 ἑκουσίως
978 1957 1182 2060 ῦπίρήμῦν
1198 1956 1257 2033 ἐπί
1271 1955 1315 2032 τό

262 2070 443 2174 σωτήρων
462 2071 589 2162 πάθος
612 2073 729 2180 ε’λθρ,
754 2071 814 2148 καὶ
833 2059 891 2147 ἐπὶ
914 2069 958 2148 τό
983 2073 1202 2175 πραιτώριον
1227 2103 1316 2170 ymos

262 2195 401 2297 ρισθῇ,
435 2186 496 2265 καὶ
527 2192 562 2264 ol
588 2191 871 2278 ἐξουθενοῦντας
900 2186 965 2264 τόν
994 2189 1234 2288 ἐξωνοῦμενον
1262 2196 1316 2290 τῷ
1366 2257 1371 2270 .

262 2308 428 2404 ζωοποιῷ
444 2303 566 2390 αὐτοῦ
578 2301 701 2403 αἵματι
711 2300 922 2403 τόνκόσμον
930 2303 1204 2407 συμφωνήσωσι
1215 2305 1315 2408 τριά-
1341 2397 1345 2408 ⁵

264 2449 389 2518 κοντα,
415 2416 620 2522 ἀργυρίοις,
662 2418 722 2496 καί
752 2415 796 2498 τό
811 2418 937 2515 πάσχα
958 2425 1067 2529 τῦθή
1093 2421 1186 2526 ὑπὲρ
1214 2425 1318 2524 ήμοῑν

193 2566 197 2572 ·
265 2534 422 2636 Χροςός,
440 2533 540 2625 όποις
565 2539 599 2610 ol
614 2540 667 2634 τῦ
683 2531 788 2635 τιμίῳ
804 2535 925 2612 αὐτοῦ
935 2539 1059 2636 ἀματι
1072 2537 1317 2639 ῥαντιξόμενοι

214 2743 218 2752 x
263 2651 323 2730 καί
342 2647 390 2728 τοί
425 2647 526 2754 χείλη
542 2654 590 2742 οίς
606 2649 711 2754 φλιοίς
724 2651 1017 2755 σφραγιζόμενοι,
1040 2652 1225 2754 ἐκφύγωσι
1246 2659 1316 2730 τοῦ

264 2766 534 2866 όλοθρεῦοντος
557 2764 605 2842 τό
631 2769 734 2868 βελή·
760 2765 820 2841 καί
842 2765 961 2857 οὕτως
978 2771 997 2841 ό
1017 2766 1313 2872 παθολνσαρκίὸ
1384 2793 1389 2802 “
1463 2815 1467 2824 -

263 2885 420 2988 Χριςός,
444 2883 505 2960 καί
523 2881 655 2973 ἀναςόις
678 2882 890 2986 τριήμερος,
915 2889 969 2984 τῷ
994 2883 1105 2984 πατρί
1123 2885 1183 2962 καί
1196 2891 1251 2986 τῷ
1276 2888 1316 2962 ἀ-

262 3001 327 3104 γίῳ
352 2999 531 3101 πνεῦματι
555 2995 735 3099 όμοτίμως
755 2998 816 3076 καί
847 2999 1029 3098 όμοόόξως
1061 2997 1161 3102 παρά
1194 2998 1318 3102 ποίσής

264 3113 415 3210 κτίσεως
441 3121 703 3223 προσκυνρθή·
737 3113 794 3190 ὅτι
823 3114 927 3214 αὐτῷ
952 3114 1088 3218 κάμιμει
1123 3121 1198 3192 πᾶν
1227 3115 1317 3212 γόνυ

266 3229 487 3336 ἐπουρανίων
513 3229 574 3308 καὶ
603 3228 765 3326 ἐπιγείων
793 3229 854 3306 καί
889 3227 1164 3327 καταχθονίων,
1206 3230 1318 3322 δόξαν

264 3347 369 3447 αὐτῷ
399 3337 668 3450 ἀναπέμποντες
691 3352 742 3442 είς
771 3345 861 3436 τούς
887 3351 1021 3440 αίῦνας
1053 3354 1126 3439 τῦν
1156 3345 1315 3445 αόοίνων,

264 3464 371 3569 ἀμήν.
1123 3477 1127 3484 ’
