3354 5124
722 327 885 396 ..¹5-

232 474 329 548 bunt
352 473 417 548 filii
443 497 572 550 eornm
599 501 713 577 opera
737 502 840 570 mea,
864 493 1021 578 propter
1045 501 1104 552 mc
1130 476 1290 553 sanctifi·

232 591 369 666 cabunt
383 619 519 666 nomen
534 619 677 684 meum,
702 609 739 667 et
756 596 1037 670 sanctificabunt
1054 599 1290 672 sanctumJa·

188 747 194 760 ·
230 707 337 802 cohi,
363 723 402 782 et
424 709 543 784 Deum
565 709 677 784 lsrael
702 711 894 786 timebunt
918 713 967 786 Et
991 702 1055 786 co·

230 842 411 924 gnoscent
434 826 567 924 spiritu
597 841 762 900 errantes
1264 832 1337 908 22⁰

149 1027 152 1033 ¹
229 940 522 1039 intelligentiam,
547 957 587 1016 et
609 941 809 1016 irascentes
833 943 889 1016 di·

159 1103 171 1132 .
230 1072 336 1130 scent
359 1055 531 1146 obedire,
555 1073 594 1130 ct
617 1057 762 1156 linguae
786 1075 1035 1136 mutescentcs

232 1172 376 1246 discent
399 1173 502 1274 loqui
523 1199 666 1274 pacem.
771 1223 778 1240 ·

229 1288 408 1379 Videsne,
433 1289 621 1364 incredule
653 1319 676 1364 o
693 1291 851 1382 Judaee,
877 1321 971 1396 quo-

100 1399 103 1404 ’
230 1405 342 1480 modo
368 1406 530 1504 aprimo
555 1407 669 1482 verbo
694 1407 879 1507 pudorem
903 1411 1006 1484 vobis
1067 1493 1073 1506 ,
1264 1413 1336 1489 225

231 1521 417 1622 praedicat
440 1523 623 1622 propheta
643 1524 869 1599 inobedien-¹

232 1639 301 1712 tiae
328 1665 434 1714 causa
459 1640 624 1713 vestrae?
651 1641 779 1716 discite
804 1641 935 1717 saltem

232 1755 384 1846 abillo,
411 1756 597 1856 quomodo
623 1782 643 1828 a
666 1759 745 1830 Deo
771 1757 922 1832 doctum
943 1757 1102 1858 praedi·v

231 1886 291 1944 cat
314 1871 473 1944 filiorum
498 1886 706 1944 vestrorum
731 1873 933 1963 caducum,
963 1873 1057 1948 sicut
1080 1889 1119 1948 et
1141 1875 1209 1950 be·
1295 1867 1300 1879 ¹

230 2003 310 2060 atus
334 1987 451 2060 David
469 1989 572 2086 psius
597 1989 730 2060 cecinit
754 1989 898 2062 dicens:
1003 2069 1009 2086 ,
1262 1995 1334 2068 23⁰

227 2105 282 2175 Ex
307 2129 371 2176 ore
394 2101 590 2177 infantium
615 2119 653 2178 et
675 2106 890 2178 lactentium

229 2220 418 2319 perfecisti
442 2220 635 2292 canticum.
658 2220 734 2294 Aut
756 2223 869 2318 igitur
894 2247 979 2294 san·

101 2423 107 2432 ¹
226 2338 390 2410 etitatem
416 2337 577 2410 filiorum
601 2338 795 2427 assumite,
819 2352 863 2410 ut
886 2363 955 2437 par
980 2351 1057 2428 est,
1082 2353 1146 2414 aut

225 2479 314 2526 vero
340 2479 425 2526 cum
442 2454 579 2553 pietate
606 2469 643 2526 et
667 2454 760 2526 filios
785 2453 892 2528 nobis
917 2453 984 2528 da-

225 2589 276 2647 te.
300 2571 375 2646 Nos
400 2597 483 2645 cum
507 2571 582 2648 illis
603 2571 713 2644 simul
738 2569 890 2644 choreas
914 2593 1085 2669 agamus,
1110 2599 1179 2646 nos
1234 2575 1332 2662 ,235

225 2713 310 2760 cum
335 2687 405 2760 illis
428 2687 835 2778 festum-celebramus,
861 2705 898 2762 et
922 2713 1017 2762 nova
1040 2689 1113 2762 lin·

225 2829 295 2898 gua
320 2803 611 2904 a-Deo-doctum
637 2805 821 2877 canticum
848 2803 1024 2878 canimus.

227 2917 327 2993 Olim
353 2921 450 2992 enim
474 2921 634 3017 Symeon
660 2946 771 2994 senex
795 2947 994 2994 occurrens
1018 2946 1103 2994 εει--

223 3035 340 3106 vatori
366 3049 402 3106 et
423 3027 466 3107 in'
486 3059 616 3108 manus
641 3036 803 3134 'suscepit
833 3034 1064 3110 saeculorum
1090 3051 1232 3112 creato-

222 3175 303 3222 rem
334 3152 439 3251 quasi
466 3150 667 3241 infantem,
693 3166 730 3224 ct
760 3150 951 3225 dominum
977 3165 1016 3224 ct
1034 3153 1162 3254 Deum
1256 3151 1328 3228 240

223 3265 465 3365 praedicavit:
490 3293 588 3340 nunc
617 3268 804 3340 antemio
831 3293 961 3340 senum
987 3267 1069 3342 loco

220 3381 433 3455 insanorum
456 3384 563 3482 pueri
587 3385 770 3492 servatori·
791 3399 1041 3474 occurrerunt⁴

223 3513 265 3570 ut
289 3501 477 3596 symeoni,
503 3515 540 3572 et
569 3527 691 3574 ramos
716 3501 754 3572 in
783 3521 966 3572 manuum
987 3498 1069 3573 loco

222 3613 523 3705 substraverunt,
549 3631 587 3688 et
609 3615 800 3688 dominum
831 3617 952 3688 Deum
974 3614 1127 3693 henedi-
1221 3667 1223 3672 -

220 3746 355 3802 xerunt
379 3757 490 3828 super
512 3731 657 3830 pullum
683 3733 787 3834 quasi
804 3759 915 3831 super
932 3731 1124 3806 cherubim
1137 3732 1223 3804 insi÷
1253 3729 1328 3803 2215

222 3845 390 3936 dentem,
414 3847 580 3922 hosanna
603 3848 677 3926 filio
705 3847 842 3937 David,
919 3891 925 3902 ·

221 3953 436 4035 benedictus
462 3965 611 4036 veniens
647 3965 684 4034 in
710 3965 856 4036 nomine
886 3965 1005 4036 domi·

221 4077 268 4150 ni.
296 4078 523 4171 Quibuscum
555 4079 754 4152 clamemus
780 4096 818 4152 et
840 4107 926 4170 nos,
951 4080 1065 4154 hene·

225 4191 387 4266 dictust
412 4220 432 4267 e
459 4191 541 4273 Deo
556 4197 677 4286 Deus,
703 4222 767 4268 rex
793 4196 944 4294 gloriae,

220 4311 387 4406 privatus
412 4311 486 4382 suis
515 4312 652 4410 ipsius,
680 4312 756 4386 sine
779 4331 943 4410 pauper-
990 4406 993 4414 .
1195 4361 1201 4374 ·
1253 4309 1329 4386 250

219 4440 293 4498 tate
325 4426 484 4498 existens
510 4441 635 4501 nostra
658 4453 782 4516 causa,
808 4443 851 4500 ut
875 4452 943 4502 nos
967 4427 1060 4502 dita-

219 4555 278 4613 ret
304 4550 369 4614 s'ua
395 4542 570 4616 bonitate.
594 4543 753 4616 Benedi-
