3354 5124
689 323 851 390 ..19-

247 471 456 574 hypostasi,
484 473 618 544 etenim
645 447 736 545 niltil
759 477 931 548 trinitatis
960 477 1162 563 minuetur,

248 616 369 692 neque
394 587 528 662 disinet
558 615 739 690 unquam,
767 593 1064 692 sempiternitatis
1091 611 1153 665 aut
1277 598 1349 672 Μ

249 705 515 778 communionis
539 720 603 808 aut
624 707 738 804 regni.
764 708 845 781 Non
873 709 989 798 enim,
1015 709 1099 810 quia
1124 710 1213 782 bo··
1251 730 1256 745 ¹

248 848 310 894 mo
337 823 456 895 factus
478 822 646 906 estlilius
662 823 748 911 Ilei,
775 839 829 911 et,
855 824 918 924 qui
937 851 1004 897 nos
1023 829 1238 926 torquebat,

249 967 334 1013 eum
364 940 466 1028 vicit,
491 964 599 1012 carne
626 940 696 1012 hoc
720 940 956 1040 perficiensrj
982 955 1107 1014 contra

248 1056 388 1129 malum
406 1051 485 1153 ejus
498 1055 748 1128 adversarium
762 1058 910 1130 victoria
926 1058 1019 1129 banc
1036 1060 1230 1158 perficiens
1249 1061 1304 1132 id·

252 1199 296 1245 eo
314 1198 378 1245 rex
403 1169 521 1246 factus
542 1187 616 1261 est,
643 1171 709 1245 sed
729 1173 814 1273 quia
835 1199 900 1245 rex
923 1189 960 1247 et
981 1175 1080 1248 Deus
1280 1179 1352 1252 atto

254 1315 419 1390 semper,
443 1287 525 1360 ideo
548 1313 631 1377 rex,
655 1291 711 1362 uti
732 1291 769 1363 e't
794 1291 946 1387 gignens

251 1406 374 1495 illum,
392 1431 491 1478 nune
504 1427 593 1478 vero
607 1419 644 1476 et
660 1406 978 1504 postnativitntem
996 1431 1153 1505 semper.
1166 1409 1216 1482 Ne
1227 1407 1305 1480 bla-

252 1523 426 1622 iphemos
450 1522 585 1596 Christi
614 1547 790 1619 regnum,
816 1521 1110 1620 blasphemator,
1135 1549 1180 1594 ne

254 1640 410 1737 genitori
431 1639 667 1738 ignominiam
680 1636 780 1710 ‘faei-

245 1767 303 1830 'as.
328 1757 365 1828 Si
385 1755 501 1828 fidelis
524 1781 575 1842 es,
592 1753 749 1825 fideliter
773 1752 905 1826 accede
929 1754 975 1826 ad
1284 1761 1355 1832 800
1397 1771 1400 1780 ’

256 1873 442 1946 Christum
462 1895 591 1944 verum
615 1871 735 1942 Deum
762 1885 950 1958 nostrum,
1340 1902 1345 1913 ·

257 2007 294 2063 et
318 2017 393 2092 non
419 1989 521 2088 quasi
550 1987 691 2085 primus
715 1985 855 2058 habens
880 1985 996 2059 malae
1020 1986 1207 2060 libertatis,
1233 1992 1268 2062 Si

255 2131 343 2180 vero
368 2131 494 2179 servus
518 2129 577 2192 es,
602 2127 687 2174 eum
708 2116 870 2175 tremore
898 2117 962 2174 tuo
987 2101 1134 2174 domino

256 2223 392 2322 subjice
411 2237 470 2309 te,
495 2219 616 2292 verbis
645 2220 742 2292 enim
771 2218 980 2326 disceptans
1006 2243 1077 2290 non
1103 2219 1196 2290 bene
1222 2223 1309 2292 affe-

257 2355 337 2411 ctus
367 2363 514 2424 servus,
543 2335 609 2408 sed
634 2351 761 2434 aperte
787 2333 1028 2407 adversarius.
1052 2335 1189 2408 scribi·
1287 2341 1358 2413 305

257 2473 317 2528 tur
325 2456 432 2528 enim:
445 2479 518 2534 non
526 2450 712 2524 honorans
722 2451 837 2523 filiuni
847 2475 922 2522 non
930 2449 1087 2524 honorat
1102 2468 1256 2549 patrem,
1273 2459 1358 2528 mit·

259 2585 397 2644 tentem
423 2579 521 2643 eum.
545 2570 620 2643 Nos
644 2582 784 2654 autem,
809 2565 951 2656 dilecti,
1234 2579 1236 2584 '

257 2684 355 2760 unde
380 2685 540 2784 eggressi
563 2711 712 2773 sumus,
736 2698 984 2772 revertamur,
1009 2685 1121 2758 verbo

158 2878 162 2888 ,
258 2804 474 2891 clamantes,
497 2801 713 2873 benedictus
739 2801 890 2873 veniens
917 2801 955 2872 in
983 2825 1050 2872 no-

251 2917 539 3007 'mine'domini,
564 2931 691 3018 pastor
712 2915 832 2988 bonus
861 2931 899 2988 et
926 2915 1107 3013 benignus
1243 2951 1247 2960 ·
1287 2895 1359 2995 :ild

259 3035 362 3136 ponit
384 3035 537 3106 animam
562 3059 666 3106 suam
690 3057 760 3132 pro
785 3031 913 3103 ovibus
935 3033 1036 3119 suis,
1061 3047 1120 3119 ut,
1144 3059 1299 3136 quern-⁴
1385 3119 1393 3136 ·

259 3149 456 3224 admodum
480 3175 589 3222 carne
620 3149 726 3221 ovina
745 3161 935 3220 vescentes
961 3147 1069 3246 lupos
1094 3174 1134 3221 o-

260 3293 304 3339 ve
329 3277 510 3340 venantur
529 3279 740 3352 venatores,
765 3264 815 3335 sic
841 3263 1088 3364 spiritualibus

261 3399 298 3456 et
322 3381 459 3455 animas
474 3381 776 3454 interficientibus
799 3379 897 3479 lupis
923 3406 1002 3452 sese

261 3513 303 3570 ut
327 3497 513 3571 hominem
533 3498 691 3569 offerens
713 3497 887 3594 princeps
911 3521 977 3593 pa·

262 3615 338 3688 seui
362 3613 593 3687 venationem
616 3609 728 3685 faciat
749 3611 838 3701 illis,
864 3614 929 3713 qui
951 3637 1061 3710 cepe·

262 3744 362 3820 rant,
386 3730 490 3829 prius
519 3744 626 3829 capto
649 3729 694 3801 ab
711 3728 800 3827 ipsis
823 3721 920 3800 Ada-

263 3873 334 3920 mo.
358 3845 578 3918 Benedictus
602 3845 752 3918 veniens
772 3833 977 3946 innomine
1001 3843 1120 3918 domi·

263 3963 300 4034 ni
323 3963 423 4036 Deus
445 3977 571 4034 contra
591 3959 795 4051 diabolum,
820 3987 894 4034 non
918 3978 1045 4061 aperte
1070 3961 1239 4035 invisibili
1324 4035 1328 4045 ,

261 4093 463 4178 potestate,
488 4077 554 4148 scd
584 4077 727 4150 infirma
751 4103 877 4167 carne,
901 4093 945 4150 ut
967 4078 1131 4175 alligaret
1292 4081 1364 4154 320·

263 4186 328 4267 τὸν
355 4207 483 4265 eontra
505 4219 572 4264 nos
599 4191 744 4266 fortem.
768 4193 994 4282 Benedictus,
1009 4197 1159 4267 veniens

263 4309 301 4382 in
324 4309 471 4383 nomine
494 4307 652 4398 domini,
676 4333 740 4382 rex
769 4325 896 4382 contra
919 4309 1091 4384 adversa-
1203 4373 1211 4394 ,

264 4426 374 4515 rium,
399 4451 475 4498 non
499 4425 783 4524 omnipotentiae
810 4439 993 4525 potestate
1017 4443 1054 4500 et
1080 4429 1226 4526 sapien-

264 4543 330 4635 tia,
345 4542 431 4632 sed,
455 4557 497 4616 ut
521 4521 738 4642 putabatur,
754 4545 872 4614 erucis
900 4543 1020 4616 stulti·
1272 4619 1276 4638 <

1205 4668 1227 4728 ²
1248 4662 1265 4698 *
