3354 5124
457 981 557 1114 Ἐκ
576 1029 783 1131 θαυμάτων
805 1030 865 1106 ἐπὶ
886 1027 1070 1128 θαύματα
1096 1029 1167 1102 τοῦ
1184 1020 1314 1127 κυρίου
1338 1029 1405 1116 βα-

356 1146 529 1250 δίσωμεν,
554 1146 722 1252 ἀδελφοί,
752 1145 814 1224 καί
830 1145 1051 1250 φθάσωμεν,
1080 1145 1129 1234 νίς
1159 1149 1198 1220 ἐκ
1218 1139 1407 1240 δυνάμεως

242 1351 248 1364 ,
356 1271 407 1358 εἰς
424 1265 597 1366 δύναμιν·
624 1262 795 1365 καθάπερ
818 1261 887 1366 γάρ
913 1271 952 1338 ἐν
972 1260 1098 1340 άλάσοι
1122 1263 1246 1368 χρυσῇ
1259 1254 1408 1360 κρικίοις

353 1382 629 1484 άλληλενδάιυις
654 1381 929 1488 συμβιβλημάνη
956 1377 994 1454 ἓν
1008 1381 1081 1454 τοῦ
1102 1374 1182 1467 ἑνὸς
1206 1374 1406 1482 κατέχεται,
1431 1444 1435 1452 .

356 1493 418 1575 καί
441 1503 515 1576 τῶν
534 1499 835 1599 συμβεβλημένων
851 1499 979 1587 ἔκαςον
998 1493 1222 1572 συνάπτεται
1243 1488 1407 1590 θάτερον

355 1617 504 1718 θατέρῳ
523 1613 584 1692 καί
599 1616 892 1717 παραπέμπεται·
919 1609 1097 1688 οὕτωκαὶ
1122 1606 1171 1686 τά
1196 1611 1271 1684 τῶν
1299 1605 1415 1698 ειίαμ-Ι

354 1727 479 1826 νελίων
505 1729 728 1830 θαυματα
710 1761 727 1804 ε
729 1729 937 1831 ξάλλήλων
962 1733 1012 1818 εἰς
1031 1725 1171 1828 άλληλα
1199 1727 1407 1826 ποδηγοάσι

354 1843 426 1948 τήν
442 1847 632 1949 φιλέορτον
657 1875 727 1922 του
712 1850 846 1922 θεοῦ
866 1841 1076 1947 ἐκκλησίαν,
1102 1841 1163 1919 καί
1187 1839 1408 1987 εδρρμίνου-

353 1985 413 2037 σιν
439 1963 484 2038 οὐ
502 1989 551 2071 τη
538 1963 803 2072 ἀπολλυμένῃ
820 1961 967 2066 βρώσει,
989 1959 1081 2038 ἀλλά
1085 1967 1149 2108 τή
1179 1957 1340 2067 μενοάση
1356 1961 1407 2048 εἰς

351 2075 449 2179 ζωήν
467 2076 624 2155 αἰώνιον.
651 2081 735 2183 φέρε
760 2046 833 2156 οίίν
850 2078 1008 2182 σήμερον
1037 2076 1098 2154 καί
1116 2078 1234 2223 ήμεῖς,
1259 2075 1405 2218 άμμπη-

351 2190 429 2286 τοί,
455 2199 494 2269 ἰν
508 2193 697 2294 ἑτοιμασίᾳ
720 2192 871 2298 καρδίας
894 2195 956 2274 καί
977 2195 1065 2272 ὠσίν
1101 2192 1265 2297 εάηκάοις
1291 2188 1404 2268 άκοά-
1482 2255 1486 2262 .

353 2334 489 2408 σωμεν,
514 2305 551 2386 τί
572 2311 721 2412 λαλήσει
744 2313 830 2415 ήμῖν
847 2311 1013 2415 κάριοςὸ
1040 2310 1132 2403 θεὸς
1150 2314 1189 2387 ἔν
1204 2339 1245 2386 τε
1262 2305 1405 2411 προφή-

351 2453 433 2516 ταις
456 2425 517 2502 καί
533 2425 751 2521 εὐαγγελίοις
764 2427 846 2531 περί
865 2435 935 2520 τάς
954 2428 1155 2530 θειοτάτης
1171 2425 1407 2525 ταύτηςξὲορ-
1454 2499 1456 2506 ,

351 2547 438 2643 τής.
463 2541 613 2644 λαλήσει
638 2543 678 2618 δὲ
704 2543 850 2634 πάντως
869 2544 1015 2648 εἰρήνην
1038 2544 1097 2622 ἐπί
1124 2540 1190 2620 τὸν
1223 2539 1312 2616 λαδν
1339 2540 1405 2616 αὐ·

350 2663 421 2733 τοῦ
426 2715 437 2750 ,
459 2655 520 2732 καί
542 2657 602 2734 ἐπί
621 2657 711 2750 τούς
729 2657 854 2750 ὁσίους
877 2661 1006 2753 αὐτοῦ,
1040 2659 1099 2736 καί
1117 2659 1176 2737 ἰπί
1212 2655 1303 2748 τοὺς
1327 2665 1402 2734 ἐπι

350 2775 548 2876 ςρίφοντας
571 2772 724 2878 καρδίαν
742 2777 796 2854 ἐπ’
815 2776 943 2854 αάτάνς
982 2775 1140 2880 σήμερον
1178 2773 1402 2878 προρητικαί

351 2886 543 2983 σάλπιγγες
552 2886 623 2992 τήν
636 2895 850 2996 οἰκουμένην
860 2894 1121 2995 άνεπτέρωσαν,
1135 2891 1196 2968 καί
1208 2889 1276 2982 τάς
1288 2893 1401 2968 άπαν-

349 3013 448 3112 ταχή
463 3012 535 3084 τοά
552 3005 681 3110 κυρίου
704 3007 896 3112 ἐκκλησίας
915 3005 1138 3114 ἐφαίδρυναν
1168 3008 1237 3087 καὶΙ
1256 3009 1400 3098 κατὲςε-

349 3149 440 3222 ψαν,
465 3123 527 3200 καί
552 3132 591 3202 ἐκ
616 3131 687 3200 τοῦ
704 3124 917 3226 σκάμματος
934 3131 1009 3202 τάν
1039 3122 1150 3220 άγίων
1173 3129 1322 3227 νηςειών
1339 3121 1400 3200 καί

348 3246 419 3342 τής
436 3250 530 3317 κατά
552 3247 626 3318 τῶν
643 3247 779 3318 παθοίν
794 3240 992 3346 παλαίςρας
1013 3247 1292 3345 παραλαβοῦσαι
1310 3235 1401 3329 τοδς
1450 3301 1454 3312 .

307 3394 311 3404 ·
350 3352 488 3450 πιςοδς,
508 3355 574 3434 τδν
591 3355 760 3435 ἐπινίκιον
777 3357 891 3459 άμνον
912 3357 973 3434 καί
996 3356 1039 3434 τδ
1057 3355 1181 3434 καινδν
1196 3359 1324 3458 θέαμα
1333 3361 1403 3458 τῆς

350 3471 496 3575 εἰρήνης
518 3470 619 3573 ᾄδειν
646 3478 700 3550 τά
730 3480 901 3574 νικοποιρί
924 3480 1052 3578 Χριςοί
1078 3471 1262 3562 ἐδίδαξαν.
1294 3476 1401 3548 δεῦτε

349 3584 417 3664 οὖν
429 3588 598 3682 ἅπαντες,
617 3589 924 3691 άμαλλιασάμεθα
941 3598 995 3692 τῷ
1009 3588 1136 3694 κυρίῳ·
1149 3595 1256 3668 δεῦτε
1281 3590 1402 3668 πάντα

348 3703 397 3782 τά
420 3707 535 3807 ἔθνη,
566 3705 801 3810 κροτήσωμεν
824 3718 961 3810 χεῖρας,
1011 3705 1071 3784 καί
1095 3706 1325 3807 άλαλάξωμεν
1340 3713 1402 3805 τῷ

345 3825 427 3922 θερί
444 3827 497 3921 τῷ
520 3829 658 3926 σωτήρι
680 3826 784 3924 ήμῶν
804 3831 843 3900 ἐν
875 3830 979 3929 φωνή
994 3823 1252 3919 ἀγαλλιάσεως.
1273 3821 1402 3924 μηδεὶς

345 3933 496 4039 ἄμοιρος
518 3939 584 4028 ἔςω
620 3945 689 4041 τής
713 3947 846 4044 χαράς,
872 3943 1001 4043 μηδείς
1026 3936 1193 4044 άςερείτω
1218 3945 1287 4042 τής
1309 3937 1401 4042 κλή·

346 4078 455 4145 σεως,
497 4052 554 4130 ὅτι
585 4055 746 4157 ἐγενήθη
779 4055 822 4133 τδ
856 4061 999 4161 σπέρμα
1030 4063 1104 4134 τῶν
1146 4056 1402 4134 ἀπειθούντων

217 4217 220 4223 ·
345 4172 395 4257 εἰς
430 4168 624 4245 ἀπώλειαν·
651 4171 780 4272 μηδείς
809 4170 1054 4273 ἀγνωμονείτω
1104 4174 1173 4277 τήν
1196 4173 1402 4274 ὑπάντησιν

345 4289 416 4358 τοῦ
437 4287 611 4377 βασιλέως
618 4343 629 4378 ,
657 4283 716 4363 ίνα
740 4291 794 4388 μή
839 4291 1070 4380 ἔξωθενντοά
1095 4291 1401 4396 νυμφαίνοςιάπο·

345 4403 522 4508 κλεισθῇ·
546 4399 676 4503 μηδείς
703 4403 927 4506 σκυθρωπάς
958 4400 982 4508 ή
1012 4406 1184 4512 κατηφής
1216 4405 1309 4510 πρὸς
1330 4403 1402 4507 τήν

346 4513 534 4620 ὑποδοχήν
559 4521 702 4628 εδρεθή
730 4526 769 4598 ἐν
808 4523 912 4626 ήμῑν,
943 4519 1001 4602 ίνα
1037 4524 1090 4627 μή
1120 4535 1197 4616 τοῖς
1229 4531 1401 4628 πονηροῖς
