3354 5124
706 298 873 384 ..11-

196 515 199 528 ·
227 470 261 543 vi
285 469 363 544 Dei.
389 465 538 546 Vidistis
570 492 697 568 saepe,
722 484 760 542 et
783 493 859 544 non
883 465 1058 542 observa·
1174 535 1181 558 ,
1263 463 1333 542 lta

92 669 96 678 ¹
228 587 314 660 stis:
340 599 490 684 apertae
515 609 642 674 aures,
668 598 707 658 et
730 610 808 658 non
830 582 947 658 audii-

227 704 302 776 stis.
326 699 535 790 Videtisne,
560 699 701 792 dilecti,
725 701 997 774 accurationem

228 817 442 903 verborum,
468 811 824 917 quomodo'divinus
850 816 1003 915 spiritus
1020 840 1091 914 per
1106 839 1194 889 san-

229 947 309 1006 ctos
333 956 440 1022 suos,
462 947 637 1034 tanquam
656 929 734 1028 jam
758 931 967 1022 existentia,
992 929 1055 1004 fu·

226 1064 310 1122 tura
332 1047 586 1147 praedicebat?
610 1047 710 1122 vide·
1244 1047 1332 1120 *150

223 1181 312 1238 runt
338 1165 437 1238 enim
457 1163 635 1253 malefici,
660 1164 862 1260 tetigerunt
890 1188 961 1262 per
983 1163 1157 1238 miracula

225 1282 860 1379 miraculorum-patratoremDeum,
871 1281 953 1354 etin
961 1280 1215 1356 incredulitate
1225 1306 1329 1354 man·

228 1413 377 1471 serunt:
402 1411 588 1470 noverunt
616 1421 768 1470 coecum
793 1413 922 1470 natum

224 1513 343 1585 visum
369 1513 610 1612 recipientem
634 1527 673 1585 ct
695 1511 884 1584 dominum
902 1511 1118 1610 praedicau-

224 1643 318 1702 tem:
343 1627 515 1703 viderunt
539 1625 676 1700 multos
700 1653 815 1700 annos
836 1627 990 1726 ligatum
1016 1653 1117 1702 mor·
1260 1629 1330 1702 155

223 1743 273 1817 bo
294 1743 540 1843 paralyticum
561 1743 669 1842 jussu
686 1739 828 1842 disjun-

227 1875 328 1933 ctum
358 1860 522 1934 amalo:
549 1860 721 1934 viderunt
747 1861 927 1934 Lazarum
951 1861 1188 1959 effugientem

225 1974 404 2050 amorte:
429 1975 648 2050 audiverunt
672 2001 787 2076 supra
814 2001 916 2050 mare

224 2092 577 2181 deambulationem,
603 2091 806 2166 sine-cultu
827 2094 951 2166 unum
978 2093 1127 2186 datum,
1153 2095 1251 2167 sine·
1335 2129 1339 2140 ·

226 2207 351 2280 labore
373 2223 501 2306 parato
524 2208 606 2281 cibo
629 2209 885 2296 nutritionem,
909 2209 1058 2282 daemo-
1257 2210 1329 2284 16⁰

222 2349 312 2396 num
329 2324 601 2424 expulsionem,
626 2350 822 2423 aegrorum
850 2325 1087 2398 sanationem.

222 2439 366 2512 Plateae
384 2463 514 2514 eorum
537 2441 692 2514 virtutes
716 2439 993 2539 praedicabant,

223 2556 301 2630 viae
329 2581 460 2630 corum
485 2557 693 2630 sanationes
716 2557 916 2630 viatoribus
936 2558 1070 2634 ¹nunti·

222 2673 349 2746 abant:
375 2675 495 2764 omnis
513 2674 651 2748 Judaea
675 2674 820 2775 repleta
845 2689 924 2748 erat
949 2675 1062 2750 benc-

223 2789 333 2876 ficiis,
360 2806 398 2864 et
415 2817 512 2884 nunc
538 2791 783 2890 interrogant:
808 2791 891 2892 quis
1256 2793 1326 2868 165

222 2904 282 2978 bic
310 2905 395 2979 est?
419 2931 589 3004 omagna
610 2905 749 2978 insania
771 2904 885 2980 falso-

121 3037 125 3044 '
221 3047 305 3094 rum
333 3021 546 3110 doctorum,
570 3048 592 3096 o
615 3021 826 3120 pervicaces

220 3153 365 3237 patres,
390 3164 412 3212 o
435 3139 538 3212 stulti
564 3163 690 3226 senes,
716 3163 884 3212 osemen
909 3137 1075 3212 Chonna-

207 3255 279 3326 ‘nis
299 3254 525 3354 impudentis
550 3268 595 3328 et·
610 3279 686 3326 non
707 3252 822 3327 tudae
848 3252 957 3330 beati.

220 3375 328 3446 Pueri
347 3388 578 3471 agnoverunt
599 3388 824 3461 creatorem,
850 3386 888 3443 et
901 3369 1113 3468 pervicaces
1136 3394 1205 3469 pa·
1255 3371 1325 3446 170
1456 3449 1463 3462 ¹

221 3505 297 3564 tres
320 3489 504 3562 dicebant:
530 3490 613 3590 quis
635 3488 694 3562 hic
720 3486 800 3562 estl
820 3486 966 3583 juvenis
986 3499 1024 3558 et
1045 3485 1203 3560 malitiae
1324 3503 1326 3508 '

223 3631 352 3704 expers
378 3622 477 3680 actas
504 3621 708 3678 creatorem
734 3601 949 3690 celebravit,
975 3616 1014 3673 et
1043 3601 1252 3676 dementes·

221 3719 308 3794 facti
330 3721 458 3794 diebus
480 3715 586 3794 malis
607 3719 902 3818 interrogabaut:
928 3717 1011 3819 quis
1030 3715 1090 3790 hic

221 3834 299 3909 estl
322 3839 516 3910 Lactentes
545 3835 993 3938 theologice-loquuntur,
1026 3849 1064 3909 et
1093 3859 1200 3909 senes

219 3951 487 4050 blasphemant,
512 3953 619 4051 pueri
638 3953 698 4051 pie
718 3976 951 4051 sacra-pera·
1191 3991 1194 3996 ·
1255 3950 1324 4026 175

220 4083 313 4164 gunt
336 4068 460 4158 laude,
485 4084 522 4140 et
549 4069 686 4168 impuri
709 4069 917 4142 sacerdotes
943 4067 1056 4166 impie

217 4183 464 4281 indignantur.
490 4185 672 4257 lncreduli
696 4184 953 4284 inprudentia
973 4179 1037 4279 ju·
1083 4259 1087 4266 ,

222 4315 385 4389 storum,
412 4301 614 4375 convertite
634 4327 700 4374 vos
726 4302 772 4374 ad
793 4301 895 4374 filios
910 4325 972 4373 ve-

90 4511 93 4518 ,
219 4429 332 4488 stms:
359 4418 488 4490 discite
515 4419 690 4517 mysteria
706 4415 784 4492 Dei.
810 4419 850 4491 ld
872 4419 1014 4518 ipsum,

221 4532 319 4633 quod
341 4535 551 4633 perficitur,
577 4536 799 4614 testificatur.
816 4537 935 4610 Deum
952 4533 1106 4630 asscita
1254 4531 1323 4611 180
