3354 5124
297 539 302 548 ·
395 440 489 537 καλή
508 440 606 544 αὐτη
624 440 686 518 καὶ
708 437 870 546 ἐπίχαρις
886 443 1018 544 ἅμιλλα
1036 442 1098 520 καὶ
1116 442 1217 546 ᾠδής
1233 438 1290 532 τίς
1304 444 1324 517 δ
1340 440 1445 518 διδά-

394 560 478 652 ξας,·
488 554 544 648 τίς
557 554 760 661 ὁσοφίσας.,·
772 560 857 650 τίςό
875 555 1127 661 συναθροίσας
1135 591 1148 653 ,·
1165 563 1241 636 πού
1256 562 1294 636 αί
1306 559 1445 650 δελτοι,·

394 670 489 764 τίνες
503 677 538 748 οῖ
557 671 780 770 παιδαγωγοί
785 707 798 768 ,·
822 675 1136 778 συγκοινωνήσατε
1151 677 1248 780 ήμῖν,
1266 699 1368 777 φησι,
1377 678 1447 774 τής

394 791 548 890 εὐωχίας
560 789 823 891 καῖ’μελφδίας,
836 789 897 868 καὶ
912 791 1139 894 μαθήσεσθε
1156 789 1204 868 τοί
1221 794 1375 898 Μωῦσή
1385 788 1446 864 καί

395 916 472 996 τοῖς
494 911 631 997 λοιποῖς
650 905 858 1010 προφήταις
875 913 914 982 ἐν
929 903 1153 1007 ἐπιθυμίαις.
1178 904 1255 983 ἐπεὶ
1270 900 1341 1012 ούη
1357 932 1445 1006 προ-

394 1021 619 1125 ετράπημεν,
654 1022 715 1100 καὶ
738 1021 856 1113 δεξιάς
878 1025 965 1126 ήμῖν
988 1023 1128 1100 ἔδωκαν
1160 1027 1195 1098 οῖ
1217 1025 1344 1110 παῖδες
1372 1048 1445 1096 κοι-

394 1134 541 1242 γωνίας,
573 1141 703 1243 δεῦρο,
746 1138 944 1241 ἀγαπητοί,
990 1137 1051 1217 καὶ
1088 1141 1191 1242 ήμεῖς
1228 1135 1446 1240 ζηλύσωμεν

394 1251 465 1356 τήν
482 1261 675 1358 θεοπρεπή
689 1253 849 1357 χορείαν,
875 1255 936 1333 καὶ
957 1254 1050 1356 μετά
1067 1261 1141 1344 τοῖν
1158 1252 1345 1344 ἀποςόλων
1356 1253 1444 1328 ὁδο-

394 1369 603 1473 ποιήσωμεν
623 1379 676 1448 τυῖ
694 1372 921 1475 ἐπιβεβηκότι
943 1372 1002 1449 ἐπὶ
1023 1370 1089 1450 τδν
1110 1367 1267 1474 οὐρανδν
1290 1372 1371 1450 τού,
1382 1365 1444 1442 οὐ·

396 1494 510 1590 ρανού
531 1486 626 1565 κατά
649 1486 848 1582 ἀνατολάς,
872 1491 933 1566 καί
952 1489 1006 1592 ἐφ’
1028 1486 1246 1582 ὑποζύγιον,
1270 1485 1321 1574 οῖς
1339 1479 1444 1558 εὐδό-

394 1630 522 1706 κησεν,
552 1608 782 1705 ἐποχουμένῳ
813 1605 874 1682 ἐπὶ
904 1611 973 1708 τής
997 1612 1083 1707 γής.
1117 1599 1210 1704 μετὰ
1232 1595 1371 1702 νηπίων
1396 1593 1444 1672 τά

394 1719 512 1822 κλάδη
537 1719 694 1824 άρωμεν,
719 1720 780 1797 καί
803 1731 880 1812 τοῖς
897 1720 1046 1812 κλάδοις
1072 1717 1322 1821 κροτήσωμεν,
1347 1711 1445 1802 ὅπως

393 1834 593 1940 ἐπιπνεύσῃ
623 1835 684 1929 καί
708 1839 795 1938 ἡμῖν
823 1835 867 1914 τδ
887 1842 1031 1936 πνεῦμα
1056 1833 1100 1913 τδ
1131 1833 1249 1929 άγων,
1287 1828 1348 1908 καῖ
1374 1827 1444 1931 τήν

385 1949 639 2029 ’θεοδίδακτον
662 1949 929 2056 άνσπόμφωμεν
953 1951 1139 2041 εὐτάκτως
1160 1945 1276 2050 ᾠδήν,
1293 1945 1443 2045 εὐλογη-

391 2067 499 2166 μένος
517 2070 536 2142 ὁ
555 2067 747 2170 ἐρχόμενος
763 2075 802 2144 ἐν
819 2067 969 2169 ὀνόματι
984 2063 1131 2171 κυρίου·
1149 2059 1293 2142 ύσαννοῖ
1311 2067 1444 2150 ἐντοῖς

391 2181 554 2286 ύφίςοις.
584 2183 743 2286 σήμερον
768 2183 1034 2288 όπατριάρχης
1055 2190 1093 2260 ἐν
1116 2179 1295 2280 πνεύματι
1315 2173 1442 2279 ἐορτά-
1554 2203 1558 2213 ·

391 2304 442 2390 ζει
463 2298 606 2394 Ἰακώβ,
637 2303 731 2402 ὀροῖν
757 2299 828 2403 τήν
860 2296 1085 2404 προφητείαν
1111 2301 1232 2374 αὐτοῦ
1260 2299 1310 2383 εῖς
1336 2292 1440 2392 ἔργον

390 2417 589 2512 ἀχθεῖσαν,
623 2416 683 2492 καὶ
712 2417 777 2493 τδν
802 2417 1028 2516 δεσμεύοντα
1062 2411 1154 2517 πρδς
1185 2409 1346 2511 ἄμπελον
1376 2403 1442 2484 τόν

389 2537 513 2608 πάλον
532 2533 669 2624 αὐτού,
692 2533 930 2634 ἐπιβεβηκότα
955 2530 1014 2611 ἐπὶ
1036 2535 1158 2617 πῶλον
1180 2531 1277 2604 νέον·
1301 2523 1361 2602 καί
1380 2553 1442 2624 με·

389 2645 438 2723 τὰ
460 2653 534 2723 τοῖν
557 2654 670 2738 πιςεῖν
694 2657 891 2752 προσκυνεῖ
905 2655 959 2748 τῷ
978 2647 1166 2746 πνεύματι.
1192 2643 1349 2746 σήμερον
1368 2646 1441 2716 ποῖ-

389 2769 453 2854 λος
486 2764 712 2865 ἐτοιμάζεται
743 2765 786 2844 τό
818 2773 892 2843 τοῖν
924 2762 1096 2858 άλογίςων
1123 2765 1244 2837 ἐθνῶν
1274 2755 1326 2834 τδ-
1357 2753 1442 2858 πρὶν

389 2876 522 2973 ἄλογον
541 2880 775 2985 ἐξεμπλάριον
795 2887 845 2972 εἰς
864 2883 1012 2971 ἔνδειξιν
1034 2881 1224 2980 ύποταγής
1250 2878 1322 2951 τού
1345 2875 1381 2962 ἐξ
1405 2877 1439 2958 ἕ·

326 3045 345 3078 κ
388 2999 493 3070 θνσῖν
500 2997 584 3072 νόου
593 3001 688 3074 λαοῦ
697 3028 705 3045 ·
723 2995 784 3074 καί
799 2987 1280 3100 νήπιακαταμηνύουσιτίν
1293 2987 1438 3082 τούτων

272 3107 275 3112 ’
389 3108 481 3210 πρός
514 3111 741 3206 θεογνωσίαν
763 3112 987 3216 νηπιότητα.
1027 3109 1186 3213 σήμερον
1219 3110 1238 3182 ὁ
1269 3104 1439 3199 βασιλεύς

388 3232 459 3328 τής
483 3226 594 3330 δόξης
617 3229 677 3306 ἐπὶ
700 3235 767 3332 γής
792 3234 1025 3334 προφητικῶς
1049 3224 1257 3316 δοξάζεται,
1282 3221 1342 3298 καὶ
1366 3252 1438 3300 κον·

388 3342 526 3434 νωνούς
546 3350 616 3448 τής
639 3346 857 3446 ἐπουρανίου
882 3341 1035 3440 εὐωχίας
1058 3339 1149 3430 τούς
1172 3347 1330 3440 γηγενεῖς
1354 3339 1439 3432 άγα-
1531 3345 1541 3364 '

390 3457 587 3537 δείκνυσιν·
619 3461 678 3538 ἵνα
703 3460 800 3572 δείξη
834 3460 892 3538 ὅτι
915 3458 1029 3550 αὐτός
1058 3465 1109 3550 ἐςι
1133 3455 1258 3560 κύριος
1280 3455 1439 3558 ἀμφοτέ-

292 3564 305 3579 ”
386 3603 480 3679 ρων,
497 3579 546 3668 οῖς
565 3581 793 3680 ἑκατέρωθεν
810 3576 1013 3680 συμφώνως
1030 3571 1099 3652 σύν
1117 3571 1229 3672 πατρὶ
1254 3573 1315 3648 καί
1333 3570 1440 3650 πνεύ-

386 3721 476 3794 ματι
501 3694 790 3795 άνυμνοόμενος.
827 3691 890 3771 διά
912 3698 1025 3770 τούτο
1047 3695 1081 3768 οῖ
1100 3691 1167 3791 μὲν
1191 3688 1264 3766 άνω
1292 3689 1362 3794 τήν
1383 3689 1442 3766 ἐπί

387 3816 457 3913 τής
478 3819 547 3914 γής
566 3809 1060 3916 σωτηρίανκαταμηνύοντες
1076 3809 1243 3910 ἔψαλλον,
1263 3805 1382 3902 ἅγιος,
1401 3805 1442 3882 οῖ-

387 3954 482 4022 γιος,
506 3925 627 4022 ἅγιος,
649 3927 774 4033 κύριος
801 3925 968 4022 σαβαυίθ,
986 3923 1130 4026 πλήρης
1150 3924 1290 4000 πάσαύ
1307 3930 1356 4026 γή
1373 3932 1443 4030 τής

390 4041 501 4146 δόξης
534 4045 671 4122 αὐτοῦ·
699 4047 743 4122 ὀῖ
768 4045 810 4121 δέ
832 4043 931 4120 κάτω
958 4047 1008 4150 τῇ
1031 4033 1233 4142 ἐπουρανίῳ
1259 4037 1442 4142 εὐφροσύ-

391 4187 435 4267 νη
465 4156 845 4264 συμπανηγυρίζοντες
870 4155 1109 4261 ἐκραύγαζον,
1132 4151 1276 4232 ύσοιννδι
1302 4162 1340 4232 ἐν
1364 4167 1442 4247 τοῖς

388 4273 556 4376 ύφίςοις,
582 4273 726 4354 ύσαννδ
750 4281 804 4376 τῷ
826 4279 895 4374 υῖῴ
916 4267 1046 4351 Δαυῖδ.
1080 4267 1156 4348 Καί
1181 4273 1297 4370 οἱμὲν
1319 4276 1440 4363 ἐδοξο-

387 4389 537 4485 λόγουν,
568 4392 791 4496 εὐλογημένη
823 4394 847 4495 ή
872 4389 962 4482 δόξα
986 4384 1114 4491 κυρίου
1151 4393 1190 4464 ἐκ
1227 4391 1299 4462 τού
1321 4385 1441 4467 τόπου

388 4507 527 4584 αὐτοῦ·
551 4513 586 4584 οῖ
607 4511 648 4588 δὲ
673 4509 914 4606 ἐθεολόγσυν,
941 4510 1181 4612 εὐλογημένος
1208 4501 1440 4615 ὁέρχόμενσς
