3354 5124
854 373 926 430 Vlll

360 521 479 608 vides,
513 545 587 592 aron
615 518 739 591 seculo
765 518 1011 606 duodecimo,
1049 519 1113 590 sed
1136 543 1229 590 anno
1258 516 1302 588 ab
1328 515 1418 588 orbe
1528 605 1536 610 Π

362 636 509 712 condito
528 635 640 722 6865,
666 660 753 731 ergo
770 651 856 733 post
872 634 1059 708 Christum
1079 650 1204 708 uatum
1226 631 1418 706 13571ite-

360 753 409 824 ris
423 752 658 851 Imperatoris
677 749 853 852 Stephani
872 751 966 823 Uros
984 751 1077 822 datis
1093 751 1131 822 in
1154 750 1247 822 urbe
1269 747 1418 822 Prizren

362 869 592 966 (upnapbua)
626 866 784 939 insulam
806 867 969 940 Melitam
989 893 1129 939 cessam
1149 863 1418 966 esseRagusio.

459 983 570 1056 Isaiae
588 981 756 1056 Monachi
775 983 1084 1055 narratiunculam
1114 981 1160 1054 de
1182 981 1334 1054 interitu
1357 1005 1418 1052 re·

361 1101 414 1196 gis
443 1101 642 1174 Serborum
669 1096 832 1173 Vllcasini
866 1099 1125 1198 descripsimus
1152 1125 1171 1170 e
1201 1097 1326 1172 codice
1363 1110 1419 1168 sat

361 1215 502 1288 recenti
522 1214 768 1288 Bibliothecae
793 1215 975 1322 Palatinae
999 1214 1302 1300 vindobonensis,
1329 1236 1418 1284 con-

359 1332 500 1405 tinente
527 1333 734 1406 versionem
767 1333 906 1406 Cantici
931 1334 1165 1404 Canticorum
1194 1347 1232 1402 et
1258 1328 1420 1427 Dionysii

361 1447 599 1548 Areopagitae
628 1473 710 1521 cum
730 1449 1020 1522 Commentariis.
1046 1447 1238 1521 Miraberis
1263 1445 1418 1519 fortasse

359 1564 556 1662 Bulgarum
577 1566 763 1664 scripsisse
781 1591 862 1664 pag.
878 1565 924 1637 69
944 1587 1164 1640 casanatae
1188 1589 1258 1662 pag
1273 1563 1330 1635 70.
1346 1585 1418 1659 pa-

361 1703 420 1772 lpa
439 1679 514 1770 bis,
533 1695 570 1752 et
583 1706 664 1779 pag.
674 1681 719 1753 71
738 1705 934 1766 scammate,
954 1667 1043 1774 (aec.
1052 1681 1163 1780 plur.)
1180 1661 1416 1751 scribendum

359 1795 457 1866 enim
471 1810 548 1866 erat
559 1799 801 1882 cacabatum,
826 1822 936 1894 quam
962 1795 1120 1868 formam
1146 1795 1245 1892 leges
1262 1793 1416 1880 ibidem,

360 1910 533 2006 (formam
546 1915 793 1986 tuaebnsuun
805 1911 857 1984 illi
868 1911 1067 1985 commenti
1078 1927 1173 1998 sunt,
1187 1909 1417 2012 qui'ridicule
1442 1893 1449 1908 ’

359 2027 623 2100 hancvocema
643 2051 762 2116 cauea,
778 2028 901 2126 gloria,¹
917 2024 1152 2124 derivandam
1170 2053 1247 2099 esse
1265 2033 1418 2099 censue·

364 2143 469 2239 runt)
481 2166 580 2240 ptura
591 2160 629 2217 et
642 2167 846 2218 eremana.
857 2143 969 2219 Vides
977 2143 1106 2216 lsaiam
1120 2143 1343 2216 Monachum
1355 2158 1419 2216 aut

366 2258 555 2346 librarium
587 2260 794 2334 confudisse
812 2260 977 2333 vocalem
1004 2259 1164 2332 nasalem
1185 2284 1214 2332 a
1234 2257 1419 2332 vocalibus

359 2377 459 2478 puris
476 2399 489 2450 ε
513 2393 551 2448 et
569 2380 609 2451 b.
629 2378 744 2449 Penes
760 2376 918 2449 formam
936 2374 1162 2472 bulgaricam
1182 2399 1416 2449 suanamuna

367 2493 547 2586 (serbicez
583 2494 832 2593 capranicae)
863 2492 1025 2591 reperies
1048 2491 1203 2563 formam
1238 2491 1416 2565 serbicam

361 2630 533 2708 erratura
563 2607 791 2705 (bulgaricet
837 2631 989 2682 neaerae
1019 2605 1064 2679 ab
1092 2631 1191 2681 aran
1220 2622 1257 2678 et
1279 2603 1416 2705 syllaba

360 2746 446 2796 eruo.
485 2723 540 2818 Cf.
575 2747 790 2824 rpovfarura,
826 2725 884 2796 vel
910 2723 1093 2820 bulgarice
1123 2745 1306 2820 epactam.
1325 2719 1416 2797 Vide

360 2853 503 2912 nostras
532 2841 684 2914 Radices
712 2840 856 2937 linguae
889 2839 1119 2936 slovenicae.)
1151 2836 1246 2912 lllud
1279 2862 1415 2912 nomen

361 2955 470 3028 etiam
488 2957 636 3054 Bulgari
658 2935 829 3028 videntur
853 2981 1067 3054 usurpasse,
1096 2955 1166 3028 hoe
1191 2957 1413 3054 ignorantes.
1487 3023 1490 3030 .

359 3073 413 3144 De
439 3099 576 3171 pugna,
602 3072 705 3170 cujus
733 3073 771 3144 in
800 3072 869 3144 hac
893 3073 1165 3146 narratiuncula
1188 3073 1231 3146 fit
1255 3071 1414 3157 mentio,

360 3188 443 3260 vide
463 3189 548 3263 aare
568 3185 752 3289 lllcropiu
770 3211 964 3290 paauuxa
985 3179 1270 3265 craneucnuxu
1289 3209 1413 3288 uapo-

302 3377 305 3386 .
360 3327 486 3397 gone.
511 3305 534 3378 l.
552 3305 625 3381 Vll.
644 3309 673 3378 cI
691 3302 785 3381 le.
805 3323 842 3378 et
860 3305 993 3402 Eugels
1010 3305 1225 3378 Geschichte
1240 3331 1311 3376 von
1328 3304 1412 3374 Ser-

365 3420 451 3492 bien
469 3446 549 3518 pag.
568 3422 649 3494 322.
1190 3419 1194 3432 ⁴

435 3681 672 3758 Vindobonae
693 3683 860 3758 Calendis
875 3685 978 3758 Juliis
997 3685 1099 3758 1845.
