3354 5124
699 335 862 406 ..283-

254 477 489 579 προλήψεως,
515 480 574 556 καί
598 481 710 590 είςτύ
735 485 916 585 διηνεκές·
941 485 993 587 μὴ
1010 488 1217 592 βλασφήμει
1232 491 1302 595 την

253 601 326 672 τοῦ
353 602 498 694 Χριςού
522 596 721 690 βασιλείαν,
753 599 923 702 αίρετικί,
939 598 998 676 ίνα
1016 600 1070 704 μὴ
1090 604 1155 682 τόν
1180 607 1303 711 γεννή-

255 739 371 790 σαντα
387 711 587 820 ἀτιμάσῃς·
612 720 644 790 ἐι
661 713 822 808 πιςὸςεῑ,
849 723 961 807 πιςύς
981 717 1168 820 πρόσελθε
1176 727 1303 825 Χριςηῑ

255 835 310 929 τῷ
345 829 514 931 ἀληθινῷ
542 837 622 930 θερί
653 833 776 934 ἡμῶν,
808 831 869 908 καί
899 831 951 936 μὴ
987 839 1036 924 οίς
1071 835 1304 938 ἐπικάλυμμα

238 948 347 1042 ·ίχων
369 953 439 1046 τῆς
463 942 589 1035 κακίας
613 949 683 1049 την
707 938 936 1051 ἐλευθερίαν.
967 953 999 1026 εί
1031 955 1168 1046 ὐούχος
1192 945 1244 1044 εί,
1267 961 1308 1029 ἐν

254 1062 379 1162 τρόμιμ
395 1070 449 1162 τηῖ
467 1061 630 1170 δεσπότῃ
650 1063 884 1166 ὑποτάγηθι.
910 1067 929 1142 6
944 1061 1012 1167 γοίρ
1027 1067 1229 1166 λογομόχος
1238 1071 1308 1146 οὐκ
1322 1087 1326 1098 ’

257 1177 459 1276 εὐγνώμων,
479 1175 571 1254 ἀλλὰ
587 1177 772 1280 πρόδηλος
784 1180 984 1282 δυσμενής·
1007 1184 1205 1284 γέγραπται
1221 1186 1307 1286 γάρ·

259 1297 290 1370 ό
302 1293 354 1398 μη
372 1301 485 1393 τιμοῖν
501 1292 566 1370 τόν
584 1291 681 1385 υίόν,
706 1295 751 1370 οὐ
775 1301 865 1394 τιμᾷ
883 1293 948 1372 τόν
970 1301 1110 1402 πατέρα
1130 1298 1195 1376 τόν
1214 1304 1307 1402 πόμ-

259 1437 383 1510 ιγαντα
397 1409 521 1486 αὐτόν.
542 1405 661 1509 Ἡμεῖς
676 1412 728 1502 66,
747 1411 948 1513 ἀγαπητοί,
970 1412 1066 1490 ὅθεν
1087 1414 1316 1517 ἐξήλθομεν,

259 1531 532 1626 ίπανελθοιμεν,
573 1531 627 1626 τηί
668 1525 763 1625 λόγῳ
797 1531 971 1621 βοῶντες,
1011 1527 1252 1632 εὐλογημένος
1290 1536 1310 1607 6

258 1642 449 1742 ἐρχόμενος
468 1649 507 1717 ἐν
524 1640 675 1741 όνόματι
698 1638 844 1744 κυρίου,
869 1645 889 1718 6
912 1641 1049 1746 ποιμὴν
1081 1648 1100 1719 6
1124 1647 1234 1737 καλὸς
1249 1648 1311 1724 καί

260 1754 423 1852 ἀγαθὸς,
448 1764 569 1832 θεῖναι
583 1753 836 1859 ίκουσίωςτην
849 1755 974 1860 ψυχὴν
990 1759 1113 1836 αὐτοῦ
1128 1762 1221 1865 ὑπὲρ
1236 1771 1312 1840 τῶν

260 1873 453 1972 προβάτων
477 1873 612 1975 αὐτοῦ·
646 1872 705 1948 ίνα
743 1871 864 1976 ὥσπερ
883 1873 974 1964 τούς
997 1875 1164 1971 πρόβατα
1183 1904 1310 1955 σιτου·

258 1990 392 2088 μένους
419 1986 556 2076 λύκους
578 1985 749 2087 προβάτῳ
779 1985 990 2064 ἁλίσκουσιν
1016 1995 1051 2064 οί
1080 1992 1312 2097 λυκόθηρες,

260 2103 358 2180 οὕτω
372 2113 453 2193 τοῖς
469 2111 613 2203 νοητοῖς
629 2100 689 2176 καί
704 2102 963 2206 ιμυχοφθόροις
978 2103 1102 2196 λόκοις
1114 2108 1248 2186 ἑαυτὸν
1264 2114 1314 2201 οίς

261 2219 461 2323 ἄνθρωπον
489 2219 644 2319 προθείς
676 2221 695 2292 6
723 2218 942 2320 ἀρχιποιμην
971 2218 1128 2322 θήραμα
1173 2226 1313 2335 ποιήσῃ

260 2334 352 2427 τούς
370 2335 631 2439 θηρεύσοντας
649 2337 702 2434 ταί
724 2333 836 2410 πάλαι
857 2337 1088 2437 θηρευθένιι
1100 2331 1168 2414 ὐπ’
1188 2341 1313 2420 αὐταῖν

260 2451 389 2551 Ἆύἆμ·
413 2451 654 2552 εὐλογημένος
682 2452 701 2526 6
724 2449 916 2552 ἐρχόμενος
937 2457 976 2525 ἐν
1000 2449 1152 2551 ὀνόματι
1173 2449 1308 2560 κυρίου

263 2567 354 2659 θεὸς
369 2565 463 2646 κατὰ
478 2571 549 2644 τοῦ
563 2565 737 2659 διαβόλου
743 2623 753 2657 ,
778 2566 824 2640 οὐ
836 2571 997 2668 φανερῶς
1012 2565 1074 2644 ὐιύ
1089 2576 1159 2672 τῆς
1176 2573 1313 2674 οίπροσ·

262 2689 421 2776 βλέπτου
448 2681 654 2783 δυνάμεως,
693 2679 786 2759 ἀλλὰ
817 2681 879 2758 διὰ
909 2688 978 2784 της
1011 2684 1206 2776 ἀσθενείας
1243 2695 1313 2791 τῆς

150 2825 154 2837 ·
262 2799 408 2904 σαρκός,
432 2804 545 2904 δῆσαι
563 2798 630 2876 τόν
647 2799 736 2874 καθ’
755 2801 857 2898 ὐμῶν
873 2799 1032 2901 ἰσχυρόν.
1059 2801 1314 2903 Εὐλογημένος

264 2921 284 2992 6
304 2917 493 3020 ἐρχόμενος
509 2925 547 2992 ἐν
565 2917 720 3015 ὀνύματι
735 2916 880 3019 κυρίου,
906 2918 926 2991 6
942 2915 1111 3008 βασιλεύς
1122 2917 1222 2994 κατα
1244 2924 1316 2996 τού

263 3032 448 3135 τυράννου
455 3091 466 3126 ,
507 3033 551 3108 οὐ
580 3031 642 3108 διὰ
674 3039 742 3136 τῆς
766 3039 1101 3133 παντοκρατορικῆς
1126 3034 1315 3134 δυνάμεως

264 3149 326 3226 καί
350 3149 497 3252 σοφίας,
530 3147 622 3224 ἀλλὰ
644 3147 705 3224 διὰ
727 3137 796 3250 τῆς
820 3145 1058 3252 νομισθείσης
1086 3158 1157 3225 τοῦ
1176 3159 1316 3254 ςαυρού

264 3261 419 3368 μωρίας,
452 3271 523 3340 τοῦ
553 3271 591 3340 ἐν
618 3261 725 3340 κακία
753 3262 929 3368 φρονίμου
961 3261 1078 3368 ὄφεως
1114 3263 1162 3341 τοί
1195 3267 1314 3344 σκύλα

264 3379 479 3486 διαρπάσαι·
505 3381 744 3482 εὐλογημένος
767 3381 786 3454 6
810 3379 1000 3479 ἐρχόμενος
1015 3388 1054 3455 ἐν
1078 3379 1229 3479 ὀνόματι
1248 3408 1314 3460 τυ·

192 3568 194 3580 ,
265 3495 366 3601 ρίου,
392 3500 411 3573 6
433 3493 611 3600 ἀληθινός
629 3495 723 3574 κατὰ
747 3502 818 3573 τοῦ
835 3493 996 3597 ηιεύςου,
1015 3499 1040 3572 6
1066 3495 1190 3600 σωτὴρ
1219 3497 1314 3576 κατὰ

119 3685 121 3694 ,
266 3621 337 3691 τοῦ
354 3616 596 3714 λυμεῶνας,.ὁ
621 3613 835 3714 είρηνόρχης
852 3610 947 3688 κατὰ
965 3619 1036 3688 τοῦ
1055 3613 1315 3718 πολεμήτορος,

268 3732 288 3804 6
312 3729 572 3833 φιλάνθρωπος
596 3729 691 3806 κατὰ
714 3734 784 3805 τοῦ
805 3727 1095 3831 μισανθρώπου·
1121 3729 1315 3831 εὐλογημέ-

268 3875 329 3942 νος
346 3854 365 3926 6
380 3849 571 3954 ἐρχόμενος
590 3853 628 3922 ἐν
641 3841 792 3944 ὀνόματι
814 3839 959 3945 κυρίου·
984 3843 1110 3944 κύριος
1128 3844 1318 3921 σύοαιτόν

267 3968 506 4066 πλανηθέντα
522 3957 737 4063 ἄνθρωπον,
755 3961 957 4034 καταλύσω
972 3955 1043 4058 τὴν
1056 3959 1213 4061 πλάνην,
1239 3990 1317 4062 ρω-

267 4086 476 4182 ταγωγῆσαι
498 4076 588 4166 τούς
614 4083 654 4151 ἐν
671 4075 808 4166 σκότει,
832 4078 1060 4176 καταργῆσαι
1090 4075 1245 4152 εἰδώλων
1272 4077 1315 4151 ἀ-

150 4207 153 4212 ’
268 4198 409 4299 πότην,
441 4193 646 4282 ἀντεισόξαι
677 4187 902 4286 θεογνωσίαν
934 4188 1132 4291 σωτήριον,
1171 4191 1318 4284 ἁγιάσαι

269 4311 416 4411 κόσμον,
427 4309 604 4394 ἀπελάσαι
619 4306 662 4384 τὸ
675 4306 794 4406 μύσος
810 4305 871 4382 καί
887 4301 974 4400 ἄγος
989 4310 1058 4406 τῆς
1074 4312 1147 4381 τάίν
1154 4301 1318 4405 ματαίων

156 4465 161 4476 ·
270 4425 484 4529 θεραπείας·
509 4425 747 4526 εὐλογημένος
778 4425 797 4498 6
818 4421 1008 4526 ἐρχόμενος
1027 4429 1066 4495 ἐν
1088 4419 1238 4519 ὀνόματι
1252 4449 1317 4498 κυ-
1431 4464 1433 4468 -

269 4541 370 4647 ρίου,
394 4539 444 4632 είς
471 4541 563 4644 ὑπὲρ
583 4545 726 4617 πολλῶν
749 4537 942 4644 ῥύσασθαι
962 4533 1107 4632 πτωχόν
1125 4540 1228 4632 γένος
1251 4539 1317 4613 ’ἀν-

839 4689 841 4693 ·
1201 4664 1222 4726 3
