3354 5124
686 362 853 426 ...17-

216 521 297 580 ctus
326 507 476 580 veniens
498 509 536 582 in
559 506 766 598 humilitate
787 525 826 581 et
853 511 985 585 iterum

216 625 363 698 veniens
386 625 424 697 in
449 621 562 722 gloria
585 627 707 724 primo
737 651 852 725 super
876 628 962 727 pul-

215 741 293 815 lum
315 757 546 830 mansuetus,
570 756 608 814 et
632 743 757 840 pueris
785 742 948 816 celebra·

216 875 286 948 tus,
301 873 343 930 ut
367 857 565 958 impleatur
587 858 785 955 scriptum:
811 861 863 931 vi-

216 974 245 1046 si
272 989 360 1046 sunt
386 999 535 1072 gressus
563 975 636 1063 tui,
662 975 781 1064 Deus,
807 1001 955 1072 gressus

218 1091 283 1164 Dei
316 1092 388 1164 mei
413 1092 526 1189 regis,
550 1092 614 1190 qui
638 1105 695 1164 est
712 1092 750 1164 in
774 1117 858 1164 san-

220 1224 290 1280 cto.
315 1209 483 1280 Secundo
506 1207 680 1280 terribilis
705 1232 817 1306 supra
843 1208 982 1298 nubes,
1010 1212 1116 1284 stab
1140 1199 1286 1310 angelis

221 1340 258 1396 et
278 1325 521 1424 potestatibus
541 1323 757 1396 celebratus.
784 1324 992 1398 Omultum
1014 1328 1087 1400 mel
1108 1329 1186 1401 stil·
1255 1333 1326 1408 26⁰

220 1440 298 1514 lans
322 1441 445 1536 lingua
476 1447 697 1542 puerorum!
723 1465 745 1513 o
770 1439 876 1546 vaide
902 1465 1076 1516 non-em-

220 1573 256 1630 ta
284 1556 448 1630 doctrina
473 1559 571 1632 Deo·
599 1557 843 1656 placentium!
869 1561 985 1632 David
1012 1585 1101 1660 pro-

219 1672 331 1772 pheta
354 1673 422 1746 sub
447 1675 628 1774 scriptura
655 1675 887 1754 abscondidit
910 1702 1071 1752 sensum.

221 1790 268 1862 At
292 1791 398 1890 pueri
421 1791 633 1864 thesaurum
658 1793 866 1893 aperientes
889 1795 928 1866 in
952 1793 1075 1892 lingua
1094 1798 1185 1869 divi·-

220 1907 286 1980 tias
314 1906 543 1994 extulerunt,
569 1921 606 1979 et
631 1909 745 1980 verbo
768 1908 845 1982 lae·-
1256 1919 1327 1994 265

222 2039 259 2096 to
284 2025 381 2096 clane¹
405 2049 533 2096 omnes
557 2023 603 2096 ad
628 2022 829 2096 fruendum
856 2050 992 2098 convo·

221 2155 361 2212 canant.
386 2141 603 2216 Hauriamus
632 2165 720 2238 ergo
746 2155 788 2214 et.
808 2167 877 2212 nos
902 2166 984 2214 cum
1013 2141 1082 2213 iliis

221 2254 267 2327 de
293 2257 482 2355 superiore
508 2256 588 2328 loco
612 2272 649 2330 et
674 2243 850 2330 coelestes
872 2257 1011 2329 divitias
1040 2259 1141 2331 ittet-

221 2369 345 2469 plebili
370 2372 469 2458 sinu,
496 2386 532 2444 et
562 2371 598 2442 in
624 2371 809 2471 penuariis
836 2368 1001 2468 depona-

220 2515 301 2559 mus
325 2485 446 2560 divina
475 2513 639 2560 munera.
665 2487 875 2560 clamemus
902 2487 1108 2558 indesinen·
1252 2494 1325 2568 270

220 2619 294 2693 ter,
321 2601 536 2676 benedictus
560 2603 710 2676 veniens
735 2602 773 2674 in
794 2604 942 2675 nomine
968 2601 1086 2674 domi-

219 2719 275 2808 ni;
302 2717 393 2791 deus
418 2743 546 2806 verus,
571 2721 608 2792 in
638 2718 785 2790 nomine
807 2718 876 2790 Dei
897 2719 990 2806 veni,

221 2835 474 2933 omnipotens,
499 2831 594 2906 filius
618 2834 654 2905 in
682 2835 830 2907 nomine
855 2838 992 2935 patris,
1019 2863 1084 2910 rex

221 2973 329 3022 venus
353 2974 373 3022 e
397 2975 484 3022 vero
503 2975 611 3048 rege,
638 2967 833 3024 aeternum

222 3081 258 3138 et
278 3067 549 3166 vsempitecnnm
580 3091 737 3163 regnum
762 3067 902 3140 hahens
919 3068 1029 3140 simui
1254 3072 1324 3143 275

222 3207 306 3254 cum
330 3182 494 3280 genitore
520 3182 574 3254 uti
595 3183 738 3278 genitor
762 3181 859 3279 ejus3

220 3323 417 3372 commune
436 3299 534 3370 enim
559 3323 736 3395 regnum,
763 3315 800 3370 et
823 3325 895 3371 non
916 3303 1142 3373 extrinsecus
1162 3302 1260 3374 huno

220 3414 399 3490 honorem
430 3413 503 3486 filio
520 3413 675 3486 verbum
699 3414 858 3488 attribu-

222 3531 266 3619 it,
290 3557 414 3631 neque
443 3532 540 3602 enim
561 3547 735 3630 coeptum
751 3555 873 3632 neque
900 3547 1052 3604 auctum

168 3629 173 3648 '
222 3673 341 3748 neque
360 3647 615 3738 imminutum;
638 3663 736 3738 tace,
762 3646 828 3721 sed
853 3664 1004 3721 natura·
1254 3650 1324 3723 280

222 3761 256 3836 le
282 3779 362 3836 ete
383 3791 422 3838 se
443 3763 524 3864 ipso
551 3780 679 3837 natum
703 3789 802 3839 vere.
826 3765 947 3839 Unum
976 3765 1074 3836 enim
1099 3791 1158 3837 ne·
1259 3819 1261 3824 -

222 3881 456 3979 gnum-patri
478 3897 515 3954 et
541 3881 616 3954 filio
633 3897 672 3954 et
697 3896 823 3954 sancto
848 3881 999 3978 spiritui.

180 4019 181 4022 ’
220 3997 333 4070 Sicuti
355 4023 472 4070 unum
495 4020 670 4094 regnum,
696 4023 768 4069 una
794 3997 960 4070 domina-

221 4111 286 4201 tis,
311 4113 394 4186 ideo
420 4129 556 4186 etune
585 4112 799 4185 adoratione

222 4227 384 4300 colamus
414 4255 525 4302 unam
551 4225 1074 4328 tribus-hypostasibusdivi-1⁸
1253 4229 1325 4302 285

221 4343 391 4432 nitatem,
415 4345 492 4416 sine
516 4345 713 4444 principio,
740 4345 1058 4444 sine-creatione,
1083 4359 1255 4418 non-ter-

221 4458 415 4550 minatam,
442 4461 522 4532 sine
545 4462 786 4535 successione.
812 4463 939 4562 Neque
964 4461 1210 4558 enim-patet·-

188 4635 190 4638 .
222 4569 355 4651 desinit
380 4603 541 4679 unquam
572 4570 618 4649 ad
644 4605 739 4668 csse,
767 4579 818 4650 uti
843 4594 900 4648 est
983 4629 988 4638 .

1207 4700 1227 4758 ‘d
