3354 5124
660 357 664 366 .
715 361 751 377 ,,
772 325 795 397 p
816 363 855 385 ,,,

218 400 282 538 Α
308 463 495 538 miraculis
519 461 567 536 ad
592 465 763 542 miracula
789 467 927 544 domini

218 579 445 677 gradiamur,
470 577 622 671 fratres,
647 598 686 656 ct
710 610 837 660 eamus
863 587 967 686 quasi
997 614 1017 662 a

217 695 601 772 virtuteadvirtutem.
613 699 932 794 Quemadmodum
943 705 1039 778 enim
1052 705 1089 780 in
1100 694 1237 782 catenis
1256 737 1321 786 au·

217 813 289 886 reis
314 811 457 886 annulis
482 811 575 888 alius
603 810 661 888 alii
690 817 840 916 colliga·

216 943 278 1002 tus
308 929 409 1003 aliud
432 923 490 1002 alii
505 931 700 1030 copulatur
734 932 884 1031 colliga·
992 1025 995 1032 y
1203 975 1210 990 ·
1297 947 1322 1018 5

217 1059 340 1120 torum
367 1039 637 1148 quodcunque,
664 1040 974 1152 conjunctumque
1003 1056 1120 1153 quod·
1421 1056 1426 1068 '

218 1161 273 1232 vis
301 1159 414 1232 cuivis
446 1175 484 1234 et
508 1163 762 1237 continuatum
790 1180 864 1240 est:

201 1287 256 1350 ‘ct
279 1277 331 1349 sic
356 1292 394 1350 et
418 1292 631 1352 sanctorum
659 1279 930 1377 evangeliorum
956 1286 1128 1360 miracuta

216 1391 314 1466 atiud
337 1394 382 1466 ah
408 1393 477 1466 alio
502 1393 690 1470 deducunt
713 1396 816 1474 festi-

217 1515 372 1586 vitatum
398 1528 583 1586 omantem
608 1511 803 1586 ecclesiam
826 1513 933 1588 Chri·

217 1629 284 1718 ati,
310 1627 508 1702 laetificant
536 1655 612 1702 non
634 1643 814 1728 pereunte
835 1629 886 1702 ci·

154 1757 161 1770 '
216 1743 283 1835 bo,
308 1744 373 1818 sed
395 1760 567 1818 manente
592 1745 628 1818 in
651 1746 763 1820 vitam

216 1875 413 1936 aeternam.
438 1853 514 1959 Age
543 1887 630 1959 ergo
658 1877 697 1934 ct
721 1888 808 1950 nos,
835 1861 974 1954 dilecti,

215 1993 343 2078 parato
367 1977 478 2052 corde
499 1979 710 2052 stantibus
736 1979 830 2054 hene

216 2093 450 2168 audientibus
475 2095 684 2184 audiamus,
711 2095 799 2195 quid
824 2096 995 2192 loquatur
1273 2107 1317 2180 15

215 2211 320 2284 nohis
341 2211 510 2284 dominus
530 2205 702 2286 dominus
720 2213 759 2284 in
778 2213 974 2312 prophetis
995 2229 1033 2286 et
1056 2212 1092 2285 in

216 2325 412 2424 evangeliis
436 2324 483 2398 de
508 2341 636 2398 sancta
656 2325 931 2402 hac-festivita-

215 2457 262 2515 te.
289 2444 480 2543 Loquetur
504 2466 590 2514 sane
612 2467 740 2540 pacem
764 2469 876 2543 super
900 2455 970 2542 po'-

214 2558 346 2658 pulum
369 2581 477 2630 suum
504 2573 542 2630 et
562 2583 676 2656 super
701 2574 851 2634 sanctos
879 2584 967 2634 suos

215 2693 253 2750 ct
280 2700 393 2774 super
414 2687 673 2760 convertentes
698 2659 820 2748 'corda
845 2673 892 2748 ad
909 2675 1046 2772 ipsum.
1268 2683 1315 2760 20

196 2791 328 2872 *Hodie
352 2789 589 2891 propheticae
614 2789 724 2864 tubae
747 2807 868 2866 totum
892 2792 1074 2870 mundum
1091 2821 1154 2870 ex·

214 2910 391 2997 citarum,
416 2923 455 2984 ct
477 2900 545 2993 τὰς
573 2907 710 3006 ubique
734 2906 872 2982 domini
899 2909 1019 2982 eccle·

214 3027 288 3099 sias
312 3005 616 3100 laetificaruntet
640 3040 864 3098 coronarunt
892 3039 931 3100 et
956 3051 977 3098 a
1002 3025 1105 3100 labo-

212 3167 254 3216 re
271 3155 481 3215 sanctorum
492 3135 716 3238 jejuniorum
736 3153 774 3212 ct
794 3141 865 3214 τοῦ
884 3153 1012 3212 contra
1036 3129 1254 3238 passionem

212 3256 310 3332 hello
338 3258 558 3354 excipientes
581 3248 625 3328 τὰ
653 3253 875 3352 triumphale
897 3256 1013 3328 canti·
1263 3265 1311 3340 25

214 3399 298 3448 cum
327 3388 364 3446 et
389 3398 523 3446 novam
549 3370 853 3469 compositionem
877 3371 978 3468 pacis
1003 3370 1141 3482 hymno

86 3517 92 3534 ·
213 3487 454 3588 triumphanti
475 3485 613 3560 Christi
632 3485 790 3558 edocue-

212 3620 309 3678 runt
333 3600 465 3680 Venite
488 3627 575 3699 ergo
601 3627 749 3690 omnes,
773 3616 816 3674 ut
839 3601 1020 3677 laetemur

214 3721 258 3795 dc
281 3720 449 3805 domino,
475 3720 596 3794 venite
620 3743 749 3792 omnes
774 3718 922 3816 populi,
947 3721 1051 3819 plau-

214 3836 344 3912 demus
371 3835 561 3924 manibus,
591 3850 629 3908 et
650 3834 891 3932 jubilahimus
916 3835 986 3908 deo
1263 3843 1311 3916 30

211 3953 389 4024 servatori
413 3967 543 4025 nostro
568 3978 658 4026 voce
680 3951 787 4026 laeta.
813 3953 928 4026 Nemo
1016 3997 1023 4012 ·

210 4069 258 4140 sit
283 4093 422 4141 vacuus
444 4068 595 4167 gaudio,
621 4094 730 4140 nemo
753 4068 799 4140 sit

209 4208 346 4258 vacuus
373 4185 579 4270 vocatione,
605 4185 690 4282 quia
712 4178 785 4256 fuit
809 4209 935 4256 semen
959 4185 1015 4256 in·

208 4293 492 4402 obsequentium
514 4302 552 4374 in
571 4300 783 4399 perniciem:
799 4326 909 4374 nemo
972 4285 977 4294 ⁸

207 4415 351 4513 ignoret
375 4443 572 4491 occursum
593 4417 710 4514 regis,
733 4441 781 4488 ne
806 4443 868 4490 cx-

210 4545 265 4606 tra
288 4531 491 4608 thalamum
518 4533 725 4620 claudatur,
748 4559 795 4606 ue
