3354 5124
684 324 726 336 ..
748 291 793 358 23
813 321 854 335 ..

218 442 355 552 claudi,
376 455 414 515 et
436 440 577 516 sanavit
591 464 653 514 eos
678 465 817 526 omnes.
843 436 1018 512 videntes
1032 451 1156 508 autem

216 560 403 662 principes
427 555 660 632 sacerdotum
685 569 724 630 et
740 555 868 630 Phari·

219 676 293 751 saei
315 672 505 760 miracula,
531 699 625 772 quae
645 671 750 762 fecit,
776 687 814 746 et
837 695 976 772 pueros
999 674 1074 746 cla-

217 807 361 864 mantes
387 804 425 862 et
446 789 626 862 dicentes:
650 789 831 874 llosanna,
859 786 999 860 lililla-

216 907 298 997 vid,
322 905 537 980 benedictus
562 904 714 978 veniens
735 905 774 978 in
795 903 944 978 nomine
968 903 1036 976 do·
1252 901 1324 974 365

215 1023 327 1114 mini,
351 1047 427 1096 non
447 1021 613 1094 tulenmt
639 1017 718 1117 ejus
736 1017 929 1094 honorem.
952 1016 1036 1090 lde-

217 1165 241 1212 o
267 1139 376 1212 etiam
402 1135 618 1210 accedentes
641 1135 689 1208 od
708 1133 815 1218 illum
840 1132 1024 1208 dicebant:

133 1302 136 1308 -
216 1253 301 1328 Non
324 1251 448 1343 audis,
473 1250 565 1350 quid
589 1250 628 1324 hi
657 1251 797 1340 dicam,
820 1277 944 1324 nonne
972 1263 1029 1323 ost

217 1367 285 1442 tibi
310 1395 420 1467 grave
450 1367 646 1457 celebrari,
670 1389 793 1442 nonne
819 1382 875 1439 est
1345 1454 1351 1468 ¹

218 1483 284 1558 tibi
302 1485 406 1558 triste
428 1482 660 1560 audientias
682 1485 860 1556 innocen-
1252 1481 1325 1554 370

217 1599 316 1674 tibus
339 1601 482 1700 pueris,
507 1625 602 1698 quae
632 1599 700 1672 soli
720 1601 804 1672 Deo
820 1596 1093 1672 conueniential

217 1709 350 1790 Annon
373 1715 463 1789 dixit
488 1729 595 1790 antea
616 1715 707 1791 deus
732 1742 803 1816 per
824 1715 1069 1816 prophetarent

219 1831 372 1930 gloriam
397 1855 520 1907 meam
539 1830 597 1902 olii
617 1855 693 1904 non
714 1831 827 1920 dabo,
852 1836 930 1921 et,

219 1944 407 2048 quommo
430 1960 473 2020 tu
496 1945 608 2022 homo
638 1948 797 2020 existens
821 1949 899 2048 ipse
925 1963 963 2022 te
990 1945 1077 2020 facis
1101 1946 1167 2020 de-

217 2062 305 2136 uml
330 2061 402 2136 Sed
422 2062 511 2161 quid
536 2061 583 2137 ad
598 2063 689 2136 hoec
713 2064 875 2162 patiens,

219 2180 313 2252 citus
330 2179 368 2252 in
395 2179 643 2252 misericordia
666 2193 704 2252 et
727 2179 856 2252 tardus
880 2179 926 2252 ad

218 2296 332 2370 irsml
358 2295 511 2370 Tolerat
529 2296 662 2368 furen-

220 2431 295 2504 tes,
320 2411 426 2488 sedat
446 2416 678 2487 excusatione
705 2401 911 2500 tumorem,

219 2545 403 2604 memorat
425 2529 644 2629 scripturas,
668 2529 815 2630 profert
839 2531 943 2604 testi-
1292 2615 1294 2621 ,

219 2645 342 2718 monia
365 2643 568 2734 factorum,
594 2660 632 2718 et
651 2647 806 2718 non're·
870 2651 875 2662 ‘
1257 2642 1329 2718 380

221 2775 325 2834 cusat
352 2785 391 2832 se
418 2759 464 2834 ad
489 2761 834 2859 interrogationem,
859 2759 942 2846 ideo
974 2761 1043 2834 ait:
1072 2785 1281 2862 nunquam-

219 2903 268 2950 ne
293 2903 354 2950 me
373 2875 525 2950 audistis
551 2877 870 2977 perprophetam
895 2876 952 2950 di·

223 3009 385 3093 centem:
409 3008 498 3065 tunc
521 2995 771 3090 cognoscetis,
793 2994 878 3095 quia
903 3017 971 3090 ogo
991 3018 1071 3065 sum

222 3108 380 3210 loquens
403 3123 441 3182 et
465 3110 624 3196 accessi,
645 3134 768 3204 neque
791 3135 959 3198 rursum,
984 3135 1029 3181 ex
1053 3133 1118 3180 ore
1202 3158 1206 3166 -

219 3225 432 3298 lactentium
456 3224 650 3298 infantium
673 3224 864 3324 perfecisti
967 3304 971 3311 f
1257 3224 1329 3296 385

221 3323 371 3414 laudem
391 3339 624 3414 inimicorum
650 3356 799 3414 tuorum
824 3365 949 3430 causa,
973 3356 1015 3412 ut
1038 3341 1102 3411 de-

221 3472 384 3530 strueres
410 3455 597 3529 inimicum
619 3471 658 3529 et
683 3455 866 3530 ultorem?
891 3456 954 3554 qui
982 3456 1068 3528 estis
1100 3482 1181 3542 vos,

220 3573 283 3673 qui
307 3573 428 3670 legem
448 3561 618 3670 ‘legentes
645 3587 684 3644 et
708 3572 867 3644 scientes
893 3587 931 3644 et
952 3571 1132 3671 prophe·

220 3703 275 3761 tas
289 3687 454 3786 legentes
479 3714 540 3762 me
563 3690 602 3762 in
625 3687 708 3786 lege
732 3703 770 3760 et
789 3686 955 3788 prophe-

220 3805 267 3878 tis
285 3804 527 3904 praedicatum
547 3803 743 3904 despicitis

218 3921 402 3998 Videmini
430 3921 527 3994 enim
555 3919 691 3994 malitia
717 3946 827 4020 prae-

112 4035 115 4040 ’
219 4051 343 4110 textus
365 4036 549 4111 vindicare
575 4037 727 4134 gloriam
749 4036 928 4124 divinam,
951 4062 1028 4108 non

6 4185 7 4260 ζ
117 4231 119 4236 ,
220 4153 487 4250 intelligentes,
512 4153 633 4253 quod,
651 4153 714 4254 qui
737 4180 799 4226 me
827 4153 950 4251 despi-

220 4272 287 4360 cit,
313 4271 423 4344 etiam
452 4287 598 4370 patrem
624 4270 811 4368 despiciat.
834 4271 912 4367 Ego
935 4269 1031 4340 enirn
1059 4295 1079 4342 a
1100 4270 1178 4338 Deo

205 4423 213 4474 g
221 4388 329 4478 exivi,
355 4403 392 4462 et
410 4387 496 4460 veni
520 4387 559 4458 in
580 4383 778 4473 mundum,
804 4398 843 4457 et
860 4412 941 4458 mea
959 4385 1037 4482 glo·
1255 4383 1328 4456 395

219 4503 273 4580 ria
296 4504 411 4606 patris
435 4503 508 4580 mei
531 4518 587 4580 est
610 4502 735 4602 gloria.
762 4499 950 4578 Conlutati
977 4501 1065 4574 vero
1088 4499 1139 4572 sic
