3354 5124
792 297 795 315 ί

818 331 983 396 *ωυ-

274 519 279 528 ·
393 470 550 555 Χαναδν
582 482 654 551 τοῦ
677 473 870 568 ἀναιδοῦς,
902 476 962 552 καί
998 477 1066 554 οῦκ
1098 475 1225 554 Ἰοῦδα
1247 483 1318 554 τοῦ
1343 476 1448 555 εῦλα-

391 599 500 686 βοῦς.
525 591 698 669 τὰτέκνα
717 595 927 686 Ιεἰιίγνοισαν
947 589 1013 670 τδν
1033 590 1176 695 κτιςην,
1205 592 1277 670 καί
1290 597 1324 668 οἱ
1350 594 1448 670 ἄπει

394 715 478 798 θείς
504 709 657 809 πατέρες
684 713 823 804 ἔλεγον,
856 706 913 800 τίς
944 716 1015 800 ἐςιν
1039 705 1168 806 οὗτος,
1196 711 1222 812 ἡ
1248 717 1310 784 νέα
1328 707 1449 813 ἡλικία

394 823 460 902 τδν
490 822 582 901 θεδν
614 824 800 926 ἅνῦμνησε
833 824 893 904 καί
927 830 962 900 ol
987 827 1271 926 πεπαλαιωμένοι
1305 827 1449 928 ἡμερῶν

393 947 515 1018 κακῶν
545 940 820 1033 ἐπυνθάνοντο,
853 937 909 1031 τίς
932 948 1004 1031 ἐςιν
1037 936 1168 1036 οὗτος,·
1206 946 1240 1016 ol
1261 941 1448 1042 θηλάζον·

393 1085 456 1148 τες
488 1063 727 1152 θεολογοῦσι,
759 1055 820 1133 καλ
847 1061 881 1132 οί
905 1056 1144 1160 πρεσβύτεροι
1171 1061 1448 1160 βλασφημοῦσι,
1511 1087 1516 1096 ·

397 1178 524 1263 παίδες
552 1175 710 1266 εὐσεβῶς
739 1177 992 1276 ἱερουργοῦσιν
1016 1166 1133 1266 αίνον,
1163 1173 1223 1253 καί
1247 1171 1378 1277 ἀνίερον
1402 1178 1449 1250 le-

397 1301 470 1388 ρεῖς
484 1294 673 1382 δυσσεβῶς
694 1290 978 1384 ἀγανακτούσας
993 1294 1027 1366 οἱ
1043 1296 1209 1380 απειθείς
1224 1297 1261 1364 ἐν
1277 1289 1451 1391 φρονήσει

391 1403 553 1497 δικαίων,
572 1407 787 1507 ἐπιςρέιγατε
802 1403 870 1496 τὰς
891 1402 1041 1505 καρδίας
1065 1408 1167 1504 ῦμῶν
1194 1405 1253 1482 ἐπί
1273 1403 1321 1482 τδι
1341 1409 1449 1482 τέκνα

397 1525 513 1622 ὑμῶν·
542 1519 686 1620 μάθετε
720 1525 818 1596 θεοῦ
840 1521 1017 1623 μυςήρια.
1046 1518 1140 1596 αῦτδ
1166 1519 1209 1598 τδ
1234 1521 1449 1620 τελούμενον

394 1648 572 1741 μαρτυρεῖ
579 1695 589 1730 ,
614 1636 671 1714 ὅτι
695 1635 787 1725 θεός
811 1643 883 1726 δςιν
904 1638 923 1711 ὁ
944 1634 1063 1726 οὕτως
1089 1635 1359 1737 ἄνυμνοῦμενος
1375 1635 1449 1714 ῦπδ

396 1751 605 1850 ἆδιδοίκτων
639 1757 831 1846 γλωσσῶν.
868 1757 1036 1853 ἐρευνᾶτε
1055 1748 1141 1840 Ιτδς
1186 1749 1343 1854 γραφεὶς,
1385 1781 1448 1828 κα-

395 1867 478 1957 θείς
498 1867 683 1969 ἠκούσατε
711 1863 811 1968 παρὰ
844 1872 916 1943 τοῦ
944 1865 1147 1959 δεσπότου,
1180 1865 1237 1944 ὅτι
1261 1862 1372 1944 αῦταί
1402 1872 1449 1946 εί·

396 2009 455 2060 σιν
489 1988 528 2058 αἱ
554 1990 811 2083 μαρτυροῦσαι
845 1981 927 2082 περί
955 1984 1091 2075 αὐτοῦ,
1126 1983 1186 2060 καὶ
1213 1984 1370 2078 ἀγνοεῖτε
1404 1982 1449 2060 τὸ

395 2104 547 2198 θαῦμα.
572 2098 757 2178 ἀκούσατε
782 2101 830 2189 οί
847 2097 1027 2200 ἀχάριςοι,
1061 2095 1097 2175 τί
1120 2098 1382 2194 ἐυαγγελίζεται
1407 2103 1448 2176 ῦ-

395 2225 457 2314 νῑν
491 2213 729 2317 ὅπεονήτυ
754 2211 963 2318 Ζνναείνς·
990 2213 1081 2317 νυνὶ
1119 2212 1205 2318 νάν,
1229 2228 1330 2316 ναῖεν
1359 2215 1449 2318 σνό·

299 2346 303 2352 ’
383 2335 486 2436 δρα,
522 2329 689 2432 θύγατερ
719 2329 839 2408 Σιῶν.
874 2327 957 2406 ίδοδ
981 2333 1007 2406 ,ὁ
1042 2331 1212 2424 βασιλεῦς
1245 2356 1314 2408 σου
1350 2332 1447 2434 ἔρχε-

395 2445 457 2524 ταί
494 2471 567 2528 σοι
589 2443 728 2535 δίκαιος
761 2444 827 2522 καί·
855 2443 1074 2558 ἐπιβεβηκώς
1100 2445 1159 2522 ἐπὶ
1190 2453 1312 2526 πῶλον
1342 2446 1447 2526 ὅνου.

393 2559 458 2640 διαὶ
489 2559 526 2637 τί
557 2558 628 2662 τὴν
658 2559 775 2661 χαρὰν
811 2559 1053 2656 ἀποσείεσθες
1081 2562 1143 2640 διοί
1171 2561 1208 2640 τί
1227 2563 1333 2642 ῦλίου
1358 2565 1449 2665 λάμ

395 2703 529 2768 ποντος
552 2674 596 2752 τδ
623 2677 755 2768 σκότος
775 2678 959 2772 ἀγαπᾶτε,
984 2676 1046 2754 διδ
1067 2677 1104 2754 τί
1124 2679 1216 2783 πρὸς
1232 2679 1303 2782 τὴν
1318 2681 1448 2760 ἀπολέ-

395 2822 515 2896 μητον
558 2792 704 2894 εἰρήνην
738 2798 911 2892 μελετᾶτε
942 2793 1119 2893 πόλεμον,·
1151 2801 1182 2870 εί
1217 2795 1342 2874 τοίνυν
1375 2795 1449 2872 υίολ

316 2960 319 2970 ·
395 2909 499 2987 Σιῶν
534 2916 589 3000 ἐςε
601 2966 612 3002 ,
651 2897 920 3007 συγχορεῦσατε
957 2918 1035 2999 τοῖς
1064 2913 1202 3002 τέκνοις
1234 2915 1350 3013 ὑμῶν·
1382 2943 1457 3009 χα·.

397 3033 464 3128 ρᾶς
487 3024 635 3129 ἀφορμὴ
659 3026 725 3116 ἔςω
750 3028 835 3126 ὑμῖν
857 3028 881 3129 η
904 3031 978 3102 τῶν
993 3029 1127 3104 τέκνων
1150 3031 1355 3122 θεοσέβεια.
1378 3027 1448 3124 μῦ-

394 3151 486 3220 θετε
509 3143 594 3243 παρ’
621 3141 761 3234 αὐτῶν,
785 3139 841 3232 τίς
863 3144 882 3218 ὁ
904 3142 1073 3236 διδάξας,
1099 3141 1155 3236 τίς
1177 3145 1448 3247 συναθροίσας,

396 3259 518 3336 πόθεν
544 3257 592 3335 τοί
622 3257 847 3356 διδάγματα,
886 3255 942 3348 τίς
978 3261 1002 3360 ἡ
1031 3259 1137 3362 καινὴ
1165 3258 1356 3355 θεολογία,
1389 3259 1449 3338 καί
1506 3291 1508 3297 ·

395 3371 533 3452 παλαιὰ
560 3373 780 3476 προφητεία.
806 3379 837 3448 εἰ
859 3376 901 3450 δὲ
923 3375 1130 3477 ἀνθρώπων
1151 3376 1218 3476 μὲν
1236 3376 1358 3468 οὐδεὶς
1385 3378 1448 3454 οῦ-

396 3491 459 3566 δὲν
479 3489 623 3570 τούτων
649 3487 826 3582 ἐδίδαξεν,
851 3487 1063 3589 αὐτόματον
1090 3491 1131 3566 δὲ
1152 3489 1217 3568 τδν
1238 3485 1340 3568 ἀίνον
1355 3493 1448 3570 ’ἀνα-

394 3607 591 3708 μέλπουσι,
627 3610 739 3700 γνῶτε
777 3611 876 3682 θεοῦ
902 3596 991 3682 εἶναι
1019 3603 1063 3682 τδ
1096 3607 1217 3704 ἔργον,
1252 3611 1301 3698 ῶς
1328 3615 1366 3685 ἐν
1393 3614 1449 3708 τῷ

395 3723 495 3823 νόμῳ
521 3727 736 3822 γέγραπται·
770 3728 810 3798 ἐκ
840 3720 997 3820 ςόματος
1020 3721 1157 3823 νηπίων
1181 3724 1242 3802 καὶ
1265 3726 1450 3826 θηλαζόν-

395 3867 469 3918 των
491 3835 702 3940 κατηρτίσω,
721 3831 840 3912 αίνον.Ι
860 3837 1130 3916 διπλασιάσατε
1148 3836 1216 3918 οῦν
1235 3840 1306 3944 τὴν
1320 3841 1450 3952 χαρίεν,ι

396 3955 454 4032 ὅτι
470 3952 655 4040 τοιούτων
672 3952 839 4048 γεγόνατε
867 3952 1039 4057 πατέρες,
1063 3953 1188 4048 οἵτινες
1215 3958 1275 4034 καί
1302 3957 1350 4034 τὰ
1370 3969 1449 4050 τοῖς
1532 3945 1539 3960 ’

395 4071 919 4187 πρεσβυτέροιςκάγνοηθίντα
951 4072 1203 4176 θεοδιδοίκτεις
1235 4077 1447 4178 ἀνευφήμη-

397 4213 485 4264 σαν.
507 4189 722 4290 ε’πιςρίψατε
746 4181 813 4260 οῦν
833 4184 901 4276 τὰς
924 4185 1075 4291 καρδίας
1103 4192 1205 4288 ὑμῶν
1222 4190 1289 4274 Ιἐπὶ
1314 4193 1362 4268 τὰ
1390 4195 1448 4268 τέ-

395 4331 463 4390 κνα
489 4307 591 4402 ῦμῶν
617 4299 678 4378 καί
703 4299 756 4401 μὴ
788 4300 933 4402 μῦσητε
971 4303 1063 4392 τοῦς
1094 4304 1316 4406 ὀφθαλμούς
1344 4309 1449 4404 ῦμῶν

394 4415 486 4524 πρὸς
508 4415 578 4521 τὴν
603 4414 799 4518 ἀλήθειαν.
830 4417 922 4492 είδδ
941 4417 1049 4494 αῦτοί
1070 4425 1142 4513 ἐςε,
1166 4419 1226 4496 καί
1253 4421 1450 4513 ἀκούοντες
1555 4517 1559 4528 ⁵

318 4557 322 4570 ’
395 4535 464 4612 σῦκ
490 4531 672 4626 ἀκούετε,
688 4530 748 4610 καί
767 4533 960 4624 βλέποντες
984 4533 1030 4613 οῦ
1052 4538 1200 4626 βλέπετε
1207 4595 1217 4629 ,
1241 4536 1302 4614 καί
1324 4538 1448 4640 μάτην
1547 4605 1549 4610 ,
