3354 5124
203 461 423 560 deputatum
441 487 462 536 a
483 460 699 560 perficiente
725 485 770 532 ex
793 487 836 532 o·

202 604 245 652 re
268 575 464 652 infantium
489 593 526 652 et
549 577 763 653 lactentium
788 564 885 652 lau-⁸
1035 655 1037 660 ,

204 694 308 784 dem,
332 694 524 768 destruere
546 695 735 768 inimicum
754 709 791 768 et
814 693 991 768 ultorem:
1262 693 1309 764 75

202 827 303 886 utet
328 811 591 886 miraculorum
615 837 724 884 causa
751 809 888 884 horum
912 824 1175 884 convertantur

111 969 115 976 ·
205 927 316 1002 corda
339 943 490 1028 patrum
512 929 552 1000 in
572 927 684 1015 lilios,
710 943 748 1002 et
767 929 1015 1028 inobsequen-

204 1044 297 1118 tium
323 1044 370 1118 ad
392 1044 627 1144 prudentiam
647 1042 847 1142 justorum.

202 1161 342 1252 Dicite,
367 1187 389 1236 o
418 1162 542 1261 pueri,
566 1163 666 1236 unde
691 1162 796 1236 vobis
1137 1243 1143 1249 ,

202 1275 304 1350 homi
312 1277 383 1352 hoc
392 1293 430 1352 et
435 1277 605 1374 jucundo
615 1294 802 1353 certamen
812 1277 1058 1354 etcanticumi
1070 1277 1154 1375 quis
1173 1278 1230 1352 in·
1255 1276 1304 1348 80

203 1394 361 1468 stituens
386 1395 471 1468 vos?
497 1397 580 1495 quis
603 1396 808 1495 prudentes
830 1395 990 1468 reddens
1012 1394 1097 1467 vos?
1123 1394 1204 1495 quis

206 1512 455 1609 congregans?
485 1511 548 1586 ubi
570 1511 675 1599 libri,
699 1512 765 1595 ubi
789 1527 845 1586 te·

204 1627 301 1700 stesl
327 1644 519 1702 consortes
552 1654 620 1704 vos
649 1629 801 1716 efficite,
826 1627 1016 1714 dixerunt,
1040 1641 1188 1700 nostrae

206 1743 364 1818 laetitiae
396 1761 433 1818 et
461 1746 620 1835 cantico,
645 1761 688 1818 ut
712 1745 860 1818 discatis
890 1738 934 1817 τὸ
958 1746 1065 1842 Moy-

207 1859 238 1932 si
263 1876 302 1933 et
326 1860 415 1934 aliis⁴
434 1862 630 1962 prophetis
656 1863 694 1934 in
719 1861 949 1960 cogitatione.
1264 1860 1313 1930 85

206 1977 300 2072 Quia
327 1978 439 2076 igitur
464 1979 609 2052 excitati
632 2003 780 2066 sumus,
805 1995 843 2052 et
864 1976 1053 2052 dexteram
1078 2003 1146 2050 no·

203 2091 263 2166 bis
281 2093 466 2168 dederunt
496 2095 654 2168 infantes
682 2096 996 2181 communionem,
1020 2093 1173 2166 acceda-

205 2235 306 2300 mus,
331 2209 472 2297 dilecti,
499 2225 537 2286 et
562 2235 737 2286 nuscum
763 2210 884 2284 studio
911 2211 1188 2310 appropinques

204 2352 289 2400 mus
314 2328 539 2426 Deo-gratae
565 2328 741 2418 choreae,
767 2345 805 2401 et
829 2353 914 2400 cum
936 2341 1086 2427 aposto-

204 2443 249 2518 lis
274 2445 346 2518 iter
368 2443 492 2518 facere
518 2444 721 2520 ascenden·
1265 2443 1313 2512 90

204 2560 233 2633 ti
256 2561 295 2634 in
319 2561 463 2636 coelum
490 2561 581 2634 coeli
607 2561 653 2635 ad
680 2562 873 2646 orientem,
899 2560 1141 2644 etinctum,

204 2679 259 2750 uti
285 2679 419 2768 voluit,
445 2678 587 2754 sedenti
612 2681 650 2752 in
674 2694 785 2754 terra.

204 2793 298 2868 Cum
335 2794 538 2869 infantibus
564 2821 686 2870 ramos
711 2817 925 2880 sumamus,
951 2807 1100 2873 etcum

204 2911 317 2986 ramis
344 2911 589 3011 plaudamus,
614 2927 657 2986 ut
685 2927 723 2985 et
747 2912 825 3010 spi·
974 2909 977 2914 ’

204 3043 263 3100 ret
282 3019 320 3102 in
341 3045 587 3104 nossanctus
616 3029 786 3130 spiritua,
811 3043 849 3100 et
874 3024 1163 3102 aDeo-doctum
1265 3027 1312 3098 95

203 3146 413 3220 emittamus
433 3147 471 3218 in
492 3146 625 3220 ¹ordine
652 3145 856 3231 canticum,
879 3139 1034 3216 benedi-

203 3275 283 3334 ctus
307 3262 458 3336 veniens
486 3263 524 3334 in
550 3263 698 3335 nomine
729 3255 888 3348 domini,
913 3258 1049 3332 hosan-

202 3402 249 3450 na
276 3378 316 3452 in
342 3377 509 3452 excelsis.
535 3377 653 3452 Hodie
677 3393 715 3450 ct
739 3377 851 3477 patri-

204 3493 314 3568 archa
334 3495 466 3595 spiritu
488 3494 813 3582 festum-celebrat
835 3492 968 3580 Jacob,

201 3609 329 3684 videns
353 3612 643 3716 praedictionem
671 3636 778 3684 suam
804 3611 843 3682 in
872 3631 971 3708 opus
996 3633 1135 3682 exeun·
1240 3605 1310 3678 100

201 3742 295 3816 tem,
326 3745 364 3802 et
386 3729 561 3826 ligantem
585 3728 632 3800 ad
662 3727 806 3798 vineam

32 3893 41 3914 .
147 3941 152 3950 ¹
199 3843 347 3943 pullum
369 3871 498 3936 suum,
523 3843 779 3918 considentem
801 3842 839 3918 in
861 3840 1007 3938 pullum

199 3975 391 4034 tenerumt
417 3978 455 4034 et
478 3987 563 4034 cum
583 3961 765 4040 ‚fidelibus
791 3958 920 4032 adorat
946 3957 1057 4054 spiri·

199 4091 251 4151 tu.
278 4075 393 4150 Hodie
417 4077 542 4177 pullus
568 4090 813 4176 praeparatur

197 4193 502 4268 irrationabilium
531 4193 722 4289 gentilium
748 4191 910 4290 primum
950 4189 1142 4265 irrationa—
1237 4186 1325 4260 toa

195 4307 279 4380 hilis
303 4307 455 4384 fatuitas
477 4311 514 4382 in
543 4314 790 4382 ostensionem
817 4306 906 4380 obe-

198 4423 355 4499 dientiae
379 4425 453 4498 τοῦ·
475 4453 519 4500 ex
542 4425 739 4526 gentilibus
766 4425 851 4496 novi
876 4423 1022 4524 populi:

197 4553 237 4614 et
258 4540 418 4617 infantes
448 4544 652 4643 significant
678 4541 811 4624 horum
842 4543 881 4616 in
