<?xml version="1.0" encoding="UTF-8"?>
<!DOCTYPE html PUBLIC "-//W3C//DTD XHTML 1.0 Transitional//EN"
    "http://www.w3.org/TR/xhtml1/DTD/xhtml1-transitional.dtd">
<html xmlns="http://www.w3.org/1999/xhtml" xml:lang="en" lang="en">
 <head>
  <title>
</title>
<meta http-equiv="Content-Type" content="text/html;charset=utf-8" />
  <meta name='ocr-system' content='tesseract 3.04.00' />
  <meta name='ocr-capabilities' content='ocr_page ocr_carea ocr_par ocr_line ocrx_word'/>
</head>
<body>
  <div class='ocr_page' id='page_1' title='image "./homiliainramosp00miklgoog_0033.png"; bbox 0 0 3354 5124; ppageno 0'>
   <div class='ocr_carea' id='block_1_1' title="bbox 722 311 887 376">
    <p class='ocr_par' dir='ltr' id='par_1_1' title="bbox 722 311 887 376">
     <span class='ocr_line' id='line_1_1' title="bbox 722 311 887 376; baseline 0.012 -22"><span class='ocrx_word' id='word_1_1' title='bbox 722 311 887 376; x_wconf 61' lang='lat'>...2¹-</span> 
     </span>
    </p>
   </div>
   <div class='ocr_carea' id='block_1_2' title="bbox 252 455 1354 674">
    <p class='ocr_par' dir='ltr' id='par_1_2' title="bbox 252 455 1354 674">
     <span class='ocr_line' id='line_1_2' title="bbox 253 455 1354 560; baseline 0.002 -29"><span class='ocrx_word' id='word_1_2' title='bbox 253 458 323 548; x_wconf 87' lang='lat' dir='ltr'><strong>tia,</strong></span> <span class='ocrx_word' id='word_1_3' title='bbox 347 459 385 530; x_wconf 93' lang='lat' dir='ltr'><strong>in</strong></span> <span class='ocrx_word' id='word_1_4' title='bbox 409 455 543 530; x_wconf 86' lang='lat' dir='ltr'><strong>malitia</strong></span> <span class='ocrx_word' id='word_1_5' title='bbox 566 458 756 557; x_wconf 85' lang='lat' dir='ltr'><strong>prudentis</strong></span> <span class='ocrx_word' id='word_1_6' title='bbox 782 459 962 560; x_wconf 83' lang='lat' dir='ltr'><strong>serpentis</strong></span> <span class='ocrx_word' id='word_1_7' title='bbox 984 457 1100 560; x_wconf 84' lang='lat' dir='ltr'><strong>spolia</strong></span> <span class='ocrx_word' id='word_1_8' title='bbox 1119 471 1161 534; x_wconf 86' lang='lat' dir='ltr'><strong>ut</strong></span> <span class='ocrx_word' id='word_1_9' title='bbox 1179 457 1234 534; x_wconf 91' lang='lat' dir='ltr'><strong>di·</strong></span> <span class='ocrx_word' id='word_1_10' title='bbox 1281 459 1354 533; x_wconf 65' lang='lat'><strong>3251</strong></span> 
     </span>
     <span class='ocr_line' id='line_1_3' title="bbox 252 571 982 674; baseline 0.001 -27"><span class='ocrx_word' id='word_1_11' title='bbox 252 573 369 674; x_wconf 81' lang='lat' dir='ltr'><strong>ripiat</strong></span> <span class='ocrx_word' id='word_1_12' title='bbox 394 571 614 649; x_wconf 74' lang='lat' dir='ltr'><strong>Benedictus</strong></span> <span class='ocrx_word' id='word_1_13' title='bbox 638 575 787 647; x_wconf 84' lang='lat' dir='ltr'><strong>veniens</strong></span> <span class='ocrx_word' id='word_1_14' title='bbox 802 576 840 648; x_wconf 93' lang='lat' dir='ltr'><strong>in</strong></span> <span class='ocrx_word' id='word_1_15' title='bbox 861 600 930 648; x_wconf 91' lang='lat' dir='ltr'><strong>no·</strong></span> <span class='ocrx_word' id='word_1_16' title='bbox 975 623 982 636; x_wconf 76' lang='lat'>·</span> 
     </span>
    </p>
   </div>
   <div class='ocr_carea' id='block_1_3' title="bbox 146 690 1356 4624">
    <p class='ocr_par' dir='ltr' id='par_1_3' title="bbox 254 690 1220 781">
     <span class='ocr_line' id='line_1_4' title="bbox 254 690 1220 781; baseline -0.001 -17"><span class='ocrx_word' id='word_1_17' title='bbox 254 692 352 764; x_wconf 92' lang='lat' dir='ltr'><strong>mine</strong></span> <span class='ocrx_word' id='word_1_18' title='bbox 378 690 535 780; x_wconf 91' lang='lat' dir='ltr'><strong>domini,</strong></span> <span class='ocrx_word' id='word_1_19' title='bbox 560 715 669 764; x_wconf 81' lang='lat' dir='ltr'><strong>verax</strong></span> <span class='ocrx_word' id='word_1_20' title='bbox 691 707 818 768; x_wconf 90' lang='lat' dir='ltr'><strong>contra</strong></span> <span class='ocrx_word' id='word_1_21' title='bbox 841 691 1073 781; x_wconf 89' lang='lat' dir='ltr'><strong>mendacem,</strong></span> <span class='ocrx_word' id='word_1_22' title='bbox 1098 715 1220 764; x_wconf 81' lang='lat' dir='ltr'><strong>serva·</strong></span> 
     </span>
    </p>

    <p class='ocr_par' dir='ltr' id='par_1_4' title="bbox 252 805 1209 1014">
     <span class='ocr_line' id='line_1_5' title="bbox 252 805 1209 908; baseline -0.005 -26"><span class='ocrx_word' id='word_1_23' title='bbox 252 821 312 882; x_wconf 81' lang='lat' dir='ltr'><strong>tor</strong></span> <span class='ocrx_word' id='word_1_24' title='bbox 332 823 460 882; x_wconf 89' lang='lat' dir='ltr'><strong>contra</strong></span> <span class='ocrx_word' id='word_1_25' title='bbox 479 806 748 904; x_wconf 86' lang='lat' dir='ltr'><strong>perniciosum,</strong></span> <span class='ocrx_word' id='word_1_26' title='bbox 773 805 1057 908; x_wconf 84' lang='lat' dir='ltr'><strong>pacem-faciens</strong></span> <span class='ocrx_word' id='word_1_27' title='bbox 1083 821 1209 880; x_wconf 80' lang='lat' dir='ltr'><strong>contra</strong></span> 
     </span>
     <span class='ocr_line' id='line_1_6' title="bbox 252 921 1058 1014; baseline 0 -17"><span class='ocrx_word' id='word_1_28' title='bbox 252 921 522 1014; x_wconf 80' lang='lat' dir='ltr'><strong>adversarium,</strong></span> <span class='ocrx_word' id='word_1_29' title='bbox 546 922 903 998; x_wconf 87' lang='lat' dir='ltr'><strong>hominum-amator</strong></span> <span class='ocrx_word' id='word_1_30' title='bbox 929 939 1058 997; x_wconf 78' lang='lat' dir='ltr'><strong>contra</strong></span> 
     </span>
    </p>

    <p class='ocr_par' dir='ltr' id='par_1_5' title="bbox 252 1037 1352 1244">
     <span class='ocr_line' id='line_1_7' title="bbox 253 1037 1352 1114; baseline 0 -2"><span class='ocrx_word' id='word_1_31' title='bbox 253 1065 398 1112; x_wconf 88' lang='lat' dir='ltr'><strong>osorem</strong></span> <span class='ocrx_word' id='word_1_32' title='bbox 427 1037 629 1114; x_wconf 91' lang='lat' dir='ltr'><strong>hominum.</strong></span> <span class='ocrx_word' id='word_1_33' title='bbox 654 1039 810 1112; x_wconf 90' lang='lat' dir='ltr'><strong>Benedi·</strong></span> <span class='ocrx_word' id='word_1_34' title='bbox 1279 1039 1352 1112; x_wconf 85' lang='grc'><strong>330</strong></span> 
     </span>
     <span class='ocr_line' id='line_1_8' title="bbox 252 1155 1002 1244; baseline 0.001 -16"><span class='ocrx_word' id='word_1_35' title='bbox 252 1169 334 1228; x_wconf 90' lang='lat' dir='ltr'><strong>ctus</strong></span> <span class='ocrx_word' id='word_1_36' title='bbox 353 1155 503 1227; x_wconf 88' lang='lat' dir='ltr'><strong>veniens</strong></span> <span class='ocrx_word' id='word_1_37' title='bbox 528 1155 566 1227; x_wconf 93' lang='lat' dir='ltr'><strong>in</strong></span> <span class='ocrx_word' id='word_1_38' title='bbox 583 1156 731 1229; x_wconf 89' lang='lat' dir='ltr'><strong>nomine</strong></span> <span class='ocrx_word' id='word_1_39' title='bbox 755 1157 910 1244; x_wconf 87' lang='lat' dir='ltr'><strong>domini,</strong></span> <span class='ocrx_word' id='word_1_40' title='bbox 935 1157 1002 1229; x_wconf 90' lang='lat' dir='ltr'><strong>do-</strong></span> 
     </span>
    </p>

    <p class='ocr_par' dir='ltr' id='par_1_6' title="bbox 251 1271 1103 1346">
     <span class='ocr_line' id='line_1_9' title="bbox 251 1271 1103 1346; baseline 0.002 -2"><span class='ocrx_word' id='word_1_41' title='bbox 251 1273 370 1344; x_wconf 87' lang='lat' dir='ltr'><strong>minus</strong></span> <span class='ocrx_word' id='word_1_42' title='bbox 395 1271 590 1344; x_wconf 81' lang='lat' dir='ltr'><strong>miseratur</strong></span> <span class='ocrx_word' id='word_1_43' title='bbox 614 1286 815 1345; x_wconf 86' lang='lat' dir='ltr'><strong>ereaturam</strong></span> <span class='ocrx_word' id='word_1_44' title='bbox 846 1299 958 1346; x_wconf 87' lang='lat' dir='ltr'><strong>suam.</strong></span> <span class='ocrx_word' id='word_1_45' title='bbox 983 1275 1103 1346; x_wconf 90' lang='lat' dir='ltr'><strong>Bene-</strong></span> 
     </span>
    </p>

    <p class='ocr_par' dir='ltr' id='par_1_7' title="bbox 253 1385 1065 1480">
     <span class='ocr_line' id='line_1_10' title="bbox 253 1385 1065 1480; baseline 0.002 -20"><span class='ocrx_word' id='word_1_46' title='bbox 253 1385 370 1461; x_wconf 83' lang='lat' dir='ltr'><strong>dictus</strong></span> <span class='ocrx_word' id='word_1_47' title='bbox 397 1389 545 1460; x_wconf 84' lang='lat' dir='ltr'><strong>veniens</strong></span> <span class='ocrx_word' id='word_1_48' title='bbox 568 1387 605 1460; x_wconf 92' lang='lat' dir='ltr'><strong>in</strong></span> <span class='ocrx_word' id='word_1_49' title='bbox 627 1389 775 1461; x_wconf 91' lang='lat' dir='ltr'><strong>nomine</strong></span> <span class='ocrx_word' id='word_1_50' title='bbox 805 1389 960 1480; x_wconf 89' lang='lat' dir='ltr'><strong>domini,</strong></span> <span class='ocrx_word' id='word_1_51' title='bbox 987 1415 1065 1462; x_wconf 85' lang='lat' dir='ltr'><strong>ser-</strong></span> 
     </span>
    </p>

    <p class='ocr_par' dir='ltr' id='par_1_8' title="bbox 250 1503 990 1595">
     <span class='ocr_line' id='line_1_11' title="bbox 250 1503 990 1595; baseline 0.005 -20"><span class='ocrx_word' id='word_1_52' title='bbox 250 1521 354 1579; x_wconf 80' lang='lat' dir='ltr'><strong>vator</strong></span> <span class='ocrx_word' id='word_1_53' title='bbox 378 1505 533 1577; x_wconf 82' lang='lat' dir='ltr'><strong>errantis</strong></span> <span class='ocrx_word' id='word_1_54' title='bbox 558 1503 734 1595; x_wconf 88' lang='lat' dir='ltr'><strong>hominis,</strong></span> <span class='ocrx_word' id='word_1_55' title='bbox 758 1520 801 1578; x_wconf 91' lang='lat' dir='ltr'><strong>ut</strong></span> <span class='ocrx_word' id='word_1_56' title='bbox 825 1505 899 1578; x_wconf 87' lang='lat' dir='ltr'><strong>sol·</strong></span> <span class='ocrx_word' id='word_1_57' title='bbox 987 1533 990 1542; x_wconf 88' lang='lat'><em>·</em></span> 
     </span>
    </p>

    <p class='ocr_par' dir='ltr' id='par_1_9' title="bbox 250 1615 1350 1812">
     <span class='ocr_line' id='line_1_12' title="bbox 250 1615 1350 1720; baseline 0.002 -26"><span class='ocrx_word' id='word_1_58' title='bbox 250 1615 511 1710; x_wconf 74' lang='lat' dir='ltr'><strong>tatemerem,</strong></span> <span class='ocrx_word' id='word_1_59' title='bbox 534 1619 616 1694; x_wconf 88' lang='lat' dir='ltr'><strong>luce</strong></span> <span class='ocrx_word' id='word_1_60' title='bbox 640 1620 842 1720; x_wconf 84' lang='lat' dir='ltr'><strong>perfundat</strong></span> <span class='ocrx_word' id='word_1_61' title='bbox 863 1620 1099 1711; x_wconf 84' lang='lat' dir='ltr'><strong>tenebrosos,</strong></span> <span class='ocrx_word' id='word_1_62' title='bbox 1278 1623 1350 1696; x_wconf 86' lang='grc'><strong>335</strong></span> 
     </span>
     <span class='ocr_line' id='line_1_13' title="bbox 254 1735 827 1812; baseline -0.003 -2"><span class='ocrx_word' id='word_1_63' title='bbox 254 1751 299 1812; x_wconf 87' lang='lat' dir='ltr'><strong>ut</strong></span> <span class='ocrx_word' id='word_1_64' title='bbox 325 1737 445 1810; x_wconf 83' lang='lat' dir='ltr'><strong>deleat</strong></span> <span class='ocrx_word' id='word_1_65' title='bbox 471 1736 653 1810; x_wconf 87' lang='lat' dir='ltr'><strong>idolorum</strong></span> <span class='ocrx_word' id='word_1_66' title='bbox 686 1735 827 1810; x_wconf 83' lang='lat' dir='ltr'><strong>fallaci·</strong></span> 
     </span>
    </p>

    <p class='ocr_par' dir='ltr' id='par_1_10' title="bbox 251 1837 1055 1954">
     <span class='ocr_line' id='line_1_14' title="bbox 251 1837 1055 1954; baseline 0 -28"><span class='ocrx_word' id='word_1_67' title='bbox 251 1879 328 1944; x_wconf 90' lang='lat' dir='ltr'><strong>am,</strong></span> <span class='ocrx_word' id='word_1_68' title='bbox 353 1837 390 1927; x_wconf 82' lang='lat' dir='ltr'><strong>et</strong></span> <span class='ocrx_word' id='word_1_69' title='bbox 416 1869 460 1925; x_wconf 92' lang='lat' dir='ltr'><strong>ut</strong></span> <span class='ocrx_word' id='word_1_70' title='bbox 480 1879 550 1954; x_wconf 85' lang='lat' dir='ltr'><strong>pro</strong></span> <span class='ocrx_word' id='word_1_71' title='bbox 577 1852 644 1926; x_wconf 91' lang='lat' dir='ltr'><strong>hac</strong></span> <span class='ocrx_word' id='word_1_72' title='bbox 667 1853 877 1926; x_wconf 79' lang='lat' dir='ltr'><strong>introducat</strong></span> <span class='ocrx_word' id='word_1_73' title='bbox 901 1853 969 1927; x_wconf 91' lang='lat' dir='ltr'><strong>Dei</strong></span> <span class='ocrx_word' id='word_1_74' title='bbox 992 1881 1055 1926; x_wconf 91' lang='lat' dir='ltr'><strong>co-</strong></span> 
     </span>
    </p>

    <p class='ocr_par' dir='ltr' id='par_1_11' title="bbox 249 1969 1234 2186">
     <span class='ocr_line' id='line_1_15' title="bbox 251 1969 1234 2067; baseline 0.003 -27"><span class='ocrx_word' id='word_1_75' title='bbox 251 1969 448 2067; x_wconf 82' lang='lat' dir='ltr'><strong>gnitionem</strong></span> <span class='ocrx_word' id='word_1_76' title='bbox 474 1969 692 2059; x_wconf 85' lang='lat' dir='ltr'><strong>salutarem,</strong></span> <span class='ocrx_word' id='word_1_77' title='bbox 717 1969 920 2042; x_wconf 88' lang='lat' dir='ltr'><strong>sanctificet</strong></span> <span class='ocrx_word' id='word_1_78' title='bbox 943 1969 1142 2061; x_wconf 92' lang='lat' dir='ltr'><strong>mundum,</strong></span> <span class='ocrx_word' id='word_1_79' title='bbox 1169 1970 1234 2044; x_wconf 89' lang='lat' dir='ltr'><strong>eli·</strong></span> 
     </span>
     <span class='ocr_line' id='line_1_16' title="bbox 249 2083 1111 2186; baseline 0.002 -28"><span class='ocrx_word' id='word_1_80' title='bbox 249 2085 363 2158; x_wconf 91' lang='lat' dir='ltr'><strong>minet</strong></span> <span class='ocrx_word' id='word_1_81' title='bbox 384 2085 701 2186; x_wconf 81' lang='lat' dir='ltr'><strong>inquinamentum</strong></span> <span class='ocrx_word' id='word_1_82' title='bbox 725 2100 763 2158; x_wconf 91' lang='lat' dir='ltr'><strong>et</strong></span> <span class='ocrx_word' id='word_1_83' title='bbox 787 2083 968 2186; x_wconf 87' lang='lat' dir='ltr'><strong>pudorem</strong></span> <span class='ocrx_word' id='word_1_84' title='bbox 995 2087 1111 2160; x_wconf 87' lang='lat' dir='ltr'><strong>inani-</strong></span> 
     </span>
    </p>

    <p class='ocr_par' dir='ltr' id='par_1_12' title="bbox 248 2200 1350 2416">
     <span class='ocr_line' id='line_1_17' title="bbox 249 2200 1350 2278; baseline -0.001 -3"><span class='ocrx_word' id='word_1_85' title='bbox 249 2229 312 2275; x_wconf 90' lang='lat' dir='ltr'><strong>um</strong></span> <span class='ocrx_word' id='word_1_86' title='bbox 336 2201 404 2275; x_wconf 91' lang='lat' dir='ltr'><strong>Dei</strong></span> <span class='ocrx_word' id='word_1_87' title='bbox 430 2201 561 2274; x_wconf 87' lang='lat' dir='ltr'><strong>cultus.</strong></span> <span class='ocrx_word' id='word_1_88' title='bbox 585 2200 804 2274; x_wconf 86' lang='lat' dir='ltr'><strong>Benedictus</strong></span> <span class='ocrx_word' id='word_1_89' title='bbox 827 2227 891 2273; x_wconf 86' lang='lat' dir='ltr'><strong>ve·</strong></span> <span class='ocrx_word' id='word_1_90' title='bbox 1278 2203 1350 2278; x_wconf 87' lang='grc'>340</span> 
     </span>
     <span class='ocr_line' id='line_1_18' title="bbox 248 2317 1146 2416; baseline 0 -24"><span class='ocrx_word' id='word_1_91' title='bbox 248 2320 351 2392; x_wconf 89' lang='lat' dir='ltr'><strong>niens</strong></span> <span class='ocrx_word' id='word_1_92' title='bbox 376 2320 413 2391; x_wconf 94' lang='lat' dir='ltr'><strong>in</strong></span> <span class='ocrx_word' id='word_1_93' title='bbox 436 2320 583 2390; x_wconf 90' lang='lat' dir='ltr'><strong>nomine</strong></span> <span class='ocrx_word' id='word_1_94' title='bbox 613 2317 768 2407; x_wconf 90' lang='lat' dir='ltr'><strong>domini,</strong></span> <span class='ocrx_word' id='word_1_95' title='bbox 793 2343 888 2390; x_wconf 90' lang='lat' dir='ltr'><strong>unus</strong></span> <span class='ocrx_word' id='word_1_96' title='bbox 910 2343 980 2416; x_wconf 84' lang='lat' dir='ltr'><strong>pro</strong></span> <span class='ocrx_word' id='word_1_97' title='bbox 1006 2317 1146 2408; x_wconf 85' lang='lat' dir='ltr'><strong>multis,</strong></span> 
     </span>
    </p>

    <p class='ocr_par' dir='ltr' id='par_1_13' title="bbox 248 2434 1200 2640">
     <span class='ocr_line' id='line_1_19' title="bbox 249 2434 1200 2535; baseline -0.001 -26"><span class='ocrx_word' id='word_1_98' title='bbox 249 2451 286 2510; x_wconf 90' lang='lat' dir='ltr'><strong>et</strong></span> <span class='ocrx_word' id='word_1_99' title='bbox 310 2449 396 2535; x_wconf 90' lang='lat' dir='ltr'><strong>post</strong></span> <span class='ocrx_word' id='word_1_100' title='bbox 414 2436 550 2508; x_wconf 89' lang='lat' dir='ltr'><strong>multos</strong></span> <span class='ocrx_word' id='word_1_101' title='bbox 575 2449 617 2506; x_wconf 92' lang='lat' dir='ltr'><strong>ut</strong></span> <span class='ocrx_word' id='word_1_102' title='bbox 639 2434 771 2507; x_wconf 81' lang='lat' dir='ltr'><strong>liberet</strong></span> <span class='ocrx_word' id='word_1_103' title='bbox 792 2435 967 2508; x_wconf 86' lang='lat' dir='ltr'><strong>miserum</strong></span> <span class='ocrx_word' id='word_1_104' title='bbox 992 2461 1106 2534; x_wconf 85' lang='lat' dir='ltr'><strong>genus</strong></span> <span class='ocrx_word' id='word_1_105' title='bbox 1130 2434 1200 2508; x_wconf 89' lang='lat' dir='ltr'><strong>hu-</strong></span> 
     </span>
     <span class='ocr_line' id='line_1_20' title="bbox 248 2549 926 2640; baseline -0.003 -16"><span class='ocrx_word' id='word_1_106' title='bbox 248 2577 399 2624; x_wconf 90' lang='lat' dir='ltr'><strong>manum</strong></span> <span class='ocrx_word' id='word_1_107' title='bbox 423 2551 469 2624; x_wconf 91' lang='lat' dir='ltr'><strong>de</strong></span> <span class='ocrx_word' id='word_1_108' title='bbox 491 2577 603 2623; x_wconf 90' lang='lat' dir='ltr'><strong>manu</strong></span> <span class='ocrx_word' id='word_1_109' title='bbox 633 2549 828 2622; x_wconf 83' lang='lat' dir='ltr'><strong>fortiorum</strong></span> <span class='ocrx_word' id='word_1_110' title='bbox 848 2549 926 2640; x_wconf 87' lang='lat' dir='ltr'><strong>illo,</strong></span> 
     </span>
    </p>

    <p class='ocr_par' dir='ltr' id='par_1_14' title="bbox 251 2665 1022 2766">
     <span class='ocr_line' id='line_1_21' title="bbox 251 2665 1022 2766; baseline 0 -26"><span class='ocrx_word' id='word_1_111' title='bbox 251 2682 288 2740; x_wconf 91' lang='lat' dir='ltr'><strong>et</strong></span> <span class='ocrx_word' id='word_1_112' title='bbox 311 2693 468 2766; x_wconf 78' lang='lat' dir='ltr'><strong>egenum</strong></span> <span class='ocrx_word' id='word_1_113' title='bbox 497 2681 534 2739; x_wconf 92' lang='lat' dir='ltr'><strong>et</strong></span> <span class='ocrx_word' id='word_1_114' title='bbox 556 2692 757 2766; x_wconf 81' lang='lat' dir='ltr'><strong>pauperem</strong></span> <span class='ocrx_word' id='word_1_115' title='bbox 776 2693 798 2740; x_wconf 90' lang='lat' dir='ltr'><strong>a</strong></span> <span class='ocrx_word' id='word_1_116' title='bbox 819 2665 1022 2766; x_wconf 81' lang='lat' dir='ltr'><strong>diripienti-</strong></span> 
     </span>
    </p>

    <p class='ocr_par' dir='ltr' id='par_1_15' title="bbox 250 2769 1356 2999">
     <span class='ocr_line' id='line_1_22' title="bbox 250 2769 1356 2858; baseline 0 -1"><span class='ocrx_word' id='word_1_117' title='bbox 250 2785 320 2858; x_wconf 88' lang='lat' dir='ltr'><strong>bus</strong></span> <span class='ocrx_word' id='word_1_118' title='bbox 344 2811 441 2858; x_wconf 89' lang='lat' dir='ltr'><strong>eum.</strong></span> <span class='ocrx_word' id='word_1_119' title='bbox 465 2783 683 2856; x_wconf 81' lang='lat' dir='ltr'><strong>Benedictus</strong></span> <span class='ocrx_word' id='word_1_120' title='bbox 708 2783 858 2856; x_wconf 87' lang='lat' dir='ltr'><strong>veniens</strong></span> <span class='ocrx_word' id='word_1_121' title='bbox 878 2783 916 2856; x_wconf 89' lang='lat' dir='ltr'><strong>in</strong></span> <span class='ocrx_word' id='word_1_122' title='bbox 938 2784 1084 2858; x_wconf 91' lang='lat' dir='ltr'><strong>nomine</strong></span> <span class='ocrx_word' id='word_1_123' title='bbox 1111 2784 1178 2857; x_wconf 88' lang='lat' dir='ltr'><strong>do·</strong></span> <span class='ocrx_word' id='word_1_124' title='bbox 1277 2769 1356 2857; x_wconf 91' lang='grc'>345</span> 
     </span>
     <span class='ocr_line' id='line_1_23' title="bbox 250 2898 912 2999; baseline 0 -27"><span class='ocrx_word' id='word_1_125' title='bbox 250 2901 356 2988; x_wconf 88' lang='lat' dir='ltr'><strong>mini,</strong></span> <span class='ocrx_word' id='word_1_126' title='bbox 380 2915 422 2973; x_wconf 92' lang='lat' dir='ltr'><strong>ut</strong></span> <span class='ocrx_word' id='word_1_127' title='bbox 444 2899 644 2999; x_wconf 77' lang='lat' dir='ltr'><strong>perfundat</strong></span> <span class='ocrx_word' id='word_1_128' title='bbox 664 2900 744 2973; x_wconf 91' lang='lat' dir='ltr'><strong>oleo</strong></span> <span class='ocrx_word' id='word_1_129' title='bbox 767 2915 805 2972; x_wconf 87' lang='lat' dir='ltr'><strong>et</strong></span> <span class='ocrx_word' id='word_1_130' title='bbox 826 2898 912 2972; x_wconf 89' lang='lat' dir='ltr'><strong>vino</strong></span> 
     </span>
    </p>

    <p class='ocr_par' dir='ltr' id='par_1_16' title="bbox 251 3007 914 3114">
     <span class='ocr_line' id='line_1_24' title="bbox 251 3007 914 3114; baseline -0.003 -26"><span class='ocrx_word' id='word_1_131' title='bbox 251 3007 441 3114; x_wconf 89' lang='lat' dir='ltr'><strong>delapsum</strong></span> <span class='ocrx_word' id='word_1_132' title='bbox 464 3017 503 3089; x_wconf 90' lang='lat' dir='ltr'><strong>in</strong></span> <span class='ocrx_word' id='word_1_133' title='bbox 532 3017 692 3088; x_wconf 82' lang='lat' dir='ltr'><strong>latrones</strong></span> <span class='ocrx_word' id='word_1_134' title='bbox 719 3030 757 3088; x_wconf 87' lang='lat' dir='ltr'><strong>et</strong></span> <span class='ocrx_word' id='word_1_135' title='bbox 782 3015 914 3113; x_wconf 85' lang='lat' dir='ltr'><strong>despe-</strong></span> 
     </span>
    </p>

    <p class='ocr_par' dir='ltr' id='par_1_17' title="bbox 251 3130 1140 3206">
     <span class='ocr_line' id='line_1_25' title="bbox 251 3130 1140 3206; baseline -0.002 0"><span class='ocrx_word' id='word_1_136' title='bbox 251 3148 363 3206; x_wconf 88' lang='lat' dir='ltr'><strong>ctum.</strong></span> <span class='ocrx_word' id='word_1_137' title='bbox 388 3131 607 3206; x_wconf 78' lang='lat' dir='ltr'><strong>Benedictus</strong></span> <span class='ocrx_word' id='word_1_138' title='bbox 634 3133 781 3205; x_wconf 87' lang='lat' dir='ltr'><strong>veniens</strong></span> <span class='ocrx_word' id='word_1_139' title='bbox 798 3132 837 3204; x_wconf 92' lang='lat' dir='ltr'><strong>in</strong></span> <span class='ocrx_word' id='word_1_140' title='bbox 856 3130 1004 3202; x_wconf 89' lang='lat' dir='ltr'><strong>nomine</strong></span> <span class='ocrx_word' id='word_1_141' title='bbox 1021 3130 1140 3205; x_wconf 90' lang='lat' dir='ltr'><strong>domi·</strong></span> 
     </span>
    </p>

    <p class='ocr_par' dir='ltr' id='par_1_18' title="bbox 247 3246 1349 3554">
     <span class='ocr_line' id='line_1_26' title="bbox 248 3246 1299 3348; baseline 0 -28"><span class='ocrx_word' id='word_1_142' title='bbox 248 3249 302 3337; x_wconf 92' lang='lat' dir='ltr'><strong>ni,</strong></span> <span class='ocrx_word' id='word_1_143' title='bbox 327 3263 370 3322; x_wconf 89' lang='lat' dir='ltr'><strong>ut</strong></span> <span class='ocrx_word' id='word_1_144' title='bbox 395 3264 517 3322; x_wconf 85' lang='lat' dir='ltr'><strong>servet</strong></span> <span class='ocrx_word' id='word_1_145' title='bbox 543 3275 611 3321; x_wconf 82' lang='lat' dir='ltr'><strong>nos</strong></span> <span class='ocrx_word' id='word_1_146' title='bbox 633 3273 701 3346; x_wconf 81' lang='lat' dir='ltr'><strong>per</strong></span> <span class='ocrx_word' id='word_1_147' title='bbox 730 3273 769 3319; x_wconf 85' lang='lat' dir='ltr'><strong>se</strong></span> <span class='ocrx_word' id='word_1_148' title='bbox 794 3247 934 3346; x_wconf 91' lang='lat' dir='ltr'><strong>ipsum,</strong></span> <span class='ocrx_word' id='word_1_149' title='bbox 963 3262 1006 3318; x_wconf 91' lang='lat' dir='ltr'><strong>ut</strong></span> <span class='ocrx_word' id='word_1_150' title='bbox 1029 3246 1079 3319; x_wconf 86' lang='lat' dir='ltr'><strong>ait</strong></span> <span class='ocrx_word' id='word_1_151' title='bbox 1099 3247 1299 3348; x_wconf 84' lang='lat' dir='ltr'><strong>propheta:</strong></span> 
     </span>
     <span class='ocr_line' id='line_1_27' title="bbox 247 3359 1349 3463; baseline 0.001 -26"><span class='ocrx_word' id='word_1_152' title='bbox 247 3366 329 3438; x_wconf 86' lang='lat' dir='ltr'><strong>Non</strong></span> <span class='ocrx_word' id='word_1_153' title='bbox 353 3365 513 3463; x_wconf 84' lang='lat' dir='ltr'><strong>legatus,</strong></span> <span class='ocrx_word' id='word_1_154' title='bbox 538 3389 658 3463; x_wconf 90' lang='lat' dir='ltr'><strong>neque</strong></span> <span class='ocrx_word' id='word_1_155' title='bbox 688 3359 855 3460; x_wconf 78' lang='lat' dir='ltr'><strong>angelus,</strong></span> <span class='ocrx_word' id='word_1_156' title='bbox 878 3362 957 3461; x_wconf 85' lang='lat' dir='ltr'><strong>ipse</strong></span> <span class='ocrx_word' id='word_1_157' title='bbox 982 3361 1151 3436; x_wconf 88' lang='lat' dir='ltr'><strong>dominus</strong></span> <span class='ocrx_word' id='word_1_158' title='bbox 1176 3363 1245 3436; x_wconf 86' lang='lat' dir='ltr'><strong>sel·</strong></span> <span class='ocrx_word' id='word_1_159' title='bbox 1277 3364 1349 3438; x_wconf 86' lang='grc'>350</span> 
     </span>
     <span class='ocr_line' id='line_1_28' title="bbox 248 3477 984 3554; baseline -0.001 -2"><span class='ocrx_word' id='word_1_160' title='bbox 248 3483 345 3554; x_wconf 86' lang='lat' dir='ltr'><strong>vavit</strong></span> <span class='ocrx_word' id='word_1_161' title='bbox 373 3507 444 3554; x_wconf 89' lang='lat' dir='ltr'><strong>eos.</strong></span> <span class='ocrx_word' id='word_1_162' title='bbox 469 3481 555 3553; x_wconf 90' lang='lat' dir='ltr'><strong>ldeo</strong></span> <span class='ocrx_word' id='word_1_163' title='bbox 582 3495 620 3552; x_wconf 91' lang='lat' dir='ltr'><strong>et</strong></span> <span class='ocrx_word' id='word_1_164' title='bbox 641 3505 708 3552; x_wconf 90' lang='lat' dir='ltr'><strong>nos</strong></span> <span class='ocrx_word' id='word_1_165' title='bbox 733 3477 984 3551; x_wconf 86' lang='lat' dir='ltr'><strong>benedicimus</strong></span> 
     </span>
    </p>

    <p class='ocr_par' dir='ltr' id='par_1_19' title="bbox 250 3596 1190 3696">
     <span class='ocr_line' id='line_1_29' title="bbox 250 3596 1190 3696; baseline -0.003 -26"><span class='ocrx_word' id='word_1_166' title='bbox 250 3612 314 3688; x_wconf 42' lang='lat' dir='ltr'><strong>te*</strong></span> <span class='ocrx_word' id='word_1_167' title='bbox 329 3597 484 3670; x_wconf 89' lang='lat' dir='ltr'><strong>Domine</strong></span> <span class='ocrx_word' id='word_1_168' title='bbox 508 3623 591 3668; x_wconf 92' lang='lat' dir='ltr'><strong>cum</strong></span> <span class='ocrx_word' id='word_1_169' title='bbox 615 3611 721 3696; x_wconf 87' lang='lat' dir='ltr'><strong>patre</strong></span> <span class='ocrx_word' id='word_1_170' title='bbox 746 3610 784 3666; x_wconf 93' lang='lat' dir='ltr'><strong>et</strong></span> <span class='ocrx_word' id='word_1_171' title='bbox 809 3620 897 3674; x_wconf 68' lang='lat' dir='ltr'><strong>,cum</strong></span> <span class='ocrx_word' id='word_1_172' title='bbox 919 3608 1045 3667; x_wconf 85' lang='lat' dir='ltr'><strong>saneto</strong></span> <span class='ocrx_word' id='word_1_173' title='bbox 1063 3596 1137 3694; x_wconf 90' lang='lat' dir='ltr'><strong>spi·</strong></span> <span class='ocrx_word' id='word_1_174' title='bbox 1177 3629 1190 3656; x_wconf 90' lang='lat'><strong>·</strong></span> 
     </span>
    </p>

    <p class='ocr_par' dir='ltr' id='par_1_20' title="bbox 249 3710 1143 3932">
     <span class='ocr_line' id='line_1_30' title="bbox 249 3710 1143 3786; baseline 0 -2"><span class='ocrx_word' id='word_1_175' title='bbox 249 3713 324 3786; x_wconf 88' lang='lat' dir='ltr'><strong>ritu</strong></span> <span class='ocrx_word' id='word_1_176' title='bbox 347 3728 431 3785; x_wconf 90' lang='lat' dir='ltr'><strong>ante</strong></span> <span class='ocrx_word' id='word_1_177' title='bbox 455 3713 598 3786; x_wconf 90' lang='lat' dir='ltr'><strong>saecula</strong></span> <span class='ocrx_word' id='word_1_178' title='bbox 622 3728 660 3785; x_wconf 91' lang='lat' dir='ltr'><strong>et</strong></span> <span class='ocrx_word' id='word_1_179' title='bbox 683 3710 886 3784; x_wconf 88' lang='lat' dir='ltr'><strong>insaecula</strong></span> <span class='ocrx_word' id='word_1_180' title='bbox 912 3711 1143 3784; x_wconf 86' lang='lat' dir='ltr'><strong>saeculorum</strong></span> 
     </span>
     <span class='ocr_line' id='line_1_31' title="bbox 251 3825 989 3932; baseline 0 -34"><span class='ocrx_word' id='word_1_181' title='bbox 251 3825 504 3916; x_wconf 90' lang='lat' dir='ltr'><strong>benedictum,</strong></span> <span class='ocrx_word' id='word_1_182' title='bbox 531 3843 615 3899; x_wconf 90' lang='lat' dir='ltr'><strong>ante</strong></span> <span class='ocrx_word' id='word_1_183' title='bbox 642 3827 782 3900; x_wconf 90' lang='lat' dir='ltr'><strong>saecula</strong></span> <span class='ocrx_word' id='word_1_184' title='bbox 809 3841 847 3932; x_wconf 79' lang='lat' dir='ltr'><strong>et</strong></span> <span class='ocrx_word' id='word_1_185' title='bbox 871 3851 989 3927; x_wconf 89' lang='lat' dir='ltr'><strong>usque</strong></span> 
     </span>
    </p>

    <p class='ocr_par' dir='ltr' id='par_1_21' title="bbox 200 3942 1348 4250">
     <span class='ocr_line' id='line_1_32' title="bbox 200 3942 1348 4044; baseline 0 -29"><span class='ocrx_word' id='word_1_186' title='bbox 200 4016 203 4022; x_wconf 79' lang='grc'>,</span> <span class='ocrx_word' id='word_1_187' title='bbox 247 3942 1348 4044; x_wconf 60' lang='grc' dir='ltr'><strong>εάὶιοοῑθιυριιεείηοοοτροτε;ηιιηοευῑὲθῐίηεεθευὴιοῖιδῶ</strong></span> 
     </span>
     <span class='ocr_line' id='line_1_33' title="bbox 247 4054 1337 4157; baseline 0.004 -27"><span class='ocrx_word' id='word_1_188' title='bbox 247 4076 370 4132; x_wconf 86' lang='lat' dir='ltr'><strong>sancta</strong></span> <span class='ocrx_word' id='word_1_189' title='bbox 399 4075 436 4134; x_wconf 92' lang='lat' dir='ltr'><strong>et</strong></span> <span class='ocrx_word' id='word_1_190' title='bbox 461 4054 678 4131; x_wconf 85' lang='lat' dir='ltr'><strong>immutabili</strong></span> <span class='ocrx_word' id='word_1_191' title='bbox 706 4075 744 4132; x_wconf 89' lang='lat' dir='ltr'><strong>et</strong></span> <span class='ocrx_word' id='word_1_192' title='bbox 769 4062 956 4157; x_wconf 82' lang='lat' dir='ltr'><strong>insepara—</strong></span> <span class='ocrx_word' id='word_1_193' title='bbox 1334 4063 1337 4068; x_wconf 76' lang='grc'><strong>’</strong></span> 
     </span>
     <span class='ocr_line' id='line_1_34' title="bbox 248 4175 796 4250; baseline 0.005 -4"><span class='ocrx_word' id='word_1_194' title='bbox 248 4175 311 4247; x_wconf 90' lang='lat' dir='ltr'><strong>hili</strong></span> <span class='ocrx_word' id='word_1_195' title='bbox 335 4176 511 4248; x_wconf 85' lang='lat' dir='ltr'><strong>existente</strong></span> <span class='ocrx_word' id='word_1_196' title='bbox 538 4176 796 4250; x_wconf 86' lang='lat' dir='ltr'><strong>incarnatione.</strong></span> 
     </span>
    </p>

    <p class='ocr_par' dir='ltr' id='par_1_22' title="bbox 245 4291 1265 4507">
     <span class='ocr_line' id='line_1_35' title="bbox 245 4291 1182 4392; baseline 0 -30"><span class='ocrx_word' id='word_1_197' title='bbox 245 4291 318 4363; x_wconf 88' lang='lat' dir='ltr'><strong>Scd</strong></span> <span class='ocrx_word' id='word_1_198' title='bbox 342 4292 530 4366; x_wconf 82' lang='lat' dir='ltr'><strong>videamus</strong></span> <span class='ocrx_word' id='word_1_199' title='bbox 556 4307 685 4390; x_wconf 87' lang='lat' dir='ltr'><strong>postea</strong></span> <span class='ocrx_word' id='word_1_200' title='bbox 709 4291 798 4390; x_wconf 86' lang='lat' dir='ltr'><strong>quid</strong></span> <span class='ocrx_word' id='word_1_201' title='bbox 821 4291 918 4365; x_wconf 90' lang='lat' dir='ltr'><strong>dicat</strong></span> <span class='ocrx_word' id='word_1_202' title='bbox 945 4307 1112 4363; x_wconf 87' lang='lat' dir='ltr'><strong>sanctum</strong></span> <span class='ocrx_word' id='word_1_203' title='bbox 1138 4383 1143 4392; x_wconf 35' lang='grc' dir='ltr'>Ι</span> <span class='ocrx_word' id='word_1_204' title='bbox 1176 4367 1182 4376; x_wconf 65' lang='lat'><em>‚</em></span> 
     </span>
     <span class='ocr_line' id='line_1_36' title="bbox 247 4397 1265 4507; baseline 0.001 -28"><span class='ocrx_word' id='word_1_205' title='bbox 247 4407 492 4504; x_wconf 82' lang='lat' dir='ltr'><strong>evangelium:</strong></span> <span class='ocrx_word' id='word_1_206' title='bbox 516 4420 711 4507; x_wconf 82' lang='lat' dir='ltr'><strong>postquam</strong></span> <span class='ocrx_word' id='word_1_207' title='bbox 736 4407 847 4504; x_wconf 84' lang='lat' dir='ltr'><strong>igitur</strong></span> <span class='ocrx_word' id='word_1_208' title='bbox 863 4408 1011 4481; x_wconf 83' lang='lat' dir='ltr'><strong>intravit</strong></span> <span class='ocrx_word' id='word_1_209' title='bbox 1030 4397 1206 4480; x_wconf 68' lang='lat' dir='ltr'><strong>dominiis</strong></span> <span class='ocrx_word' id='word_1_210' title='bbox 1263 4425 1265 4432; x_wconf 88' lang='lat'>&#39;</span> 
     </span>
    </p>

    <p class='ocr_par' dir='ltr' id='par_1_23' title="bbox 146 4503 1347 4624">
     <span class='ocr_line' id='line_1_37' title="bbox 146 4503 1347 4624; baseline 0.002 -28"><span class='ocrx_word' id='word_1_211' title='bbox 146 4527 148 4530; x_wconf 76' lang='grc'><strong>’</strong></span> <span class='ocrx_word' id='word_1_212' title='bbox 246 4522 284 4596; x_wconf 89' lang='lat' dir='ltr'><strong>in</strong></span> <span class='ocrx_word' id='word_1_213' title='bbox 309 4522 509 4624; x_wconf 89' lang='lat' dir='ltr'><strong>templum,</strong></span> <span class='ocrx_word' id='word_1_214' title='bbox 534 4537 767 4596; x_wconf 82' lang='lat' dir='ltr'><strong>accesserunt</strong></span> <span class='ocrx_word' id='word_1_215' title='bbox 791 4523 837 4597; x_wconf 86' lang='lat' dir='ltr'><strong>ad</strong></span> <span class='ocrx_word' id='word_1_216' title='bbox 864 4523 966 4598; x_wconf 89' lang='lat' dir='ltr'><strong>illum</strong></span> <span class='ocrx_word' id='word_1_217' title='bbox 999 4523 1098 4597; x_wconf 83' lang='lat' dir='ltr'><strong>coeci</strong></span> <span class='ocrx_word' id='word_1_218' title='bbox 1123 4540 1162 4597; x_wconf 85' lang='lat' dir='ltr'><strong>et</strong></span> <span class='ocrx_word' id='word_1_219' title='bbox 1256 4503 1347 4621; x_wconf 87' lang='grc'>300</span> 
     </span>
    </p>
   </div>
   <div class='ocr_carea' id='block_1_4' title="bbox 0 0 1682 5124">
    <p class='ocr_par' dir='ltr' id='par_1_24' title="bbox 0 0 1682 5124">
     <span class='ocr_line' id='line_1_38' title="bbox 0 0 1682 5124; baseline 0 1"><span class='ocrx_word' id='word_1_220' title='bbox 0 0 1682 5124; x_wconf 95' lang='lat' dir='ltr'><strong> </strong></span> 
     </span>
    </p>
   </div>
  </div>
 </body>
</html>
